4764 6076
253 445 315 508 DE
339 444 477 508 NO'l'lS
498 409 1192 508 MANUsctttPTtsAnuALLttttsts
1213 445 1583 517 Mannlnantnus
1624 449 1730 516 CAP.
1752 453 1816 516 vt.
1897 449 2040 522 XXXV

131 623 235 693 verba
260 619 302 692 ad
330 647 406 693 eam
431 639 545 692 textus
568 619 698 692 lineam
722 619 870 702 adiecta,
895 619 933 690 in
958 645 1027 718 qm
1051 621 1193 719 legitur:
1218 649 1257 693 ro
1276 649 1405 712 πνευμα
1424 633 1824 723 montanistarumque
1837 661 1896 706 τοι)
1911 663 2042 730 acapna

133 773 350 838 senapariam.
407 741 648 814 Defendebant
681 741 831 814 Romani
865 740 1141 814 additamentum
1172 743 1211 816 ia
1235 746 1397 846 symbolo
1415 747 1575 850 filioque.
1625 757 1747 849 ltaque
1772 775 1887 854 patet,
1931 758 1970 830 in
1995 786 2040 833 eo

131 861 362 950 monasterio,
400 863 438 934 in
472 889 546 959 quo
577 861 665 935 haec
694 863 808 961 glossa
841 861 987 960 margini
1002 862 1153 937 codicis
1186 867 1299 942 nostri
1323 868 1440 940 addita
1465 889 1533 953 est,
1568 869 1732 945 homines
1754 899 1831 948 non
1855 879 2040 967 metuisse,

130 983 298 1056 adversus
322 989 500 1056 Romanae
532 983 624 1056 sedis
656 984 899 1058 auctoritatem
932 1009 975 1056 ex
1006 984 1102 1058 libris
1134 986 1238 1058 sacris
1266 988 1304 1062 in
1335 989 1397 1063 lite
1428 1016 1495 1093 per
1526 991 1659 1067 multos
1683 1019 1795 1068 annos
1820 995 1947 1070 acriter
1972 1018 2040 1070 tra-

135 1123 224 1174 ctata
248 1103 311 1176 illo
338 1125 498 1205 tempore
523 1105 720 1179 testimonia
742 1105 873 1179 afferre.
921 1105 1036 1180 Serius
1062 1107 1106 1180 ad
1131 1107 1228 1182 hunc
1252 1111 1407 1184 locum
1397 1137 1435 1184 ιιι
1460 1113 1526 1186 alia
1549 1116 1769 1216 pmgrapho
1794 1119 1996 1202 redibimus.

1030 1261 1090 1342 87.

30 1365 143 1446 NU'T',
193 1367 272 1460 Pag.
300 1363 382 1434 381.
970 1267 1003 1367 ς

223 1484 484 1583 Aliquantisper
507 1482 694 1570 haesitavi,
719 1503 839 1555 utrum
854 1491 959 1560 Mor
980 1511 1024 1556 an
1046 1492 1155 1561 Mor
1173 1513 1218 1559 an
1236 1493 1339 1563 ΝΟΤ
1360 1488 1447 1561 haec
1465 1489 1588 1564 notula
1610 1491 1757 1590 legenda
1778 1493 1832 1564 sit.
1883 1499 2039 1592 Namque

128 1606 200 1678 eius
226 1605 357 1678 sor-mae
381 1635 442 1679 aaa
462 1614 507 1680 Μ
523 1604 748 1692 recordabar,
775 1630 864 1703 quae
889 1605 1069 1679 literarum
1095 1608 1281 1682 initialium
1304 1609 1342 1680 in
1367 1637 1455 1684 voce
1486 1621 1678 1700 Ματθαιος
1701 1612 1738 1684 in
1763 1633 1885 1687 nostro
1913 1614 2037 1688 codice

134 1747 194 1800 est.
246 1725 367 1799 Statim
392 1747 509 1798 autem
534 1725 572 1798 in
598 1745 753 1798 mentem
776 1725 866 1798 mihi
890 1727 1042 1812 redibat,
1076 1730 1168 1802 hanc
1192 1761 1251 1805 rou
1270 1740 1312 1805 Μ
1330 1731 1479 1805 sormam
1504 1759 1678 1830 nusquam
1701 1734 1739 1806 in
1764 1735 1875 1808 nostri
1902 1709 2037 1808 codicis

131 1848 284 1946 margine
310 1868 458 1936 exstare,
492 1846 686 1920 etidcirco
711 1842 816 1921 NU'P
835 1849 905 1946 legi
930 1850 1068 1924 dehere.
1116 1852 1222 1924 Aliud
1248 1877 1381 1925 nomen
1405 1879 1480 1926 non
1504 1852 1638 1953 reperi,
1678 1854 1775 1952 quod
1800 1855 1873 1929 hoc
1897 1853 2037 1929 initium

126 1970 318 2068 significare
343 1967 481 2072 posset,
508 1995 614 2068 (Ῑιιιιιι
638 1963 777 2043 Notker
789 1969 845 2042 rel
861 1967 1012 2068 Nolger,
1038 1971 1137 2044 cuius
1153 1973 1307 2047 nominis
1325 1971 1561 2072 quinqueviri
1574 1974 1809 2071 sangallenses
1828 1975 2036 2046 claruerunt.

132 2093 195 2162 Vix
220 2091 293 2162 dici
316 2091 466 2190 poterit,
502 2089 580 2188 quis
611 2091 648 2161 h.
677 2091 707 2170 l.
742 2090 953 2188 significatus
984 2091 1038 2165 sit.
1088 2099 1245 2192 Namque
1271 2119 1337 2192 per
1362 2115 1474 2167 totam
1499 2094 1741 2192 antiquitatem
1766 2095 1964 2195 saepissime
1990 2095 2039 2164 ita

128 2232 406 2300 commutantur,
440 2231 480 2284 ut
506 2211 658 2283 discerni
681 2211 752 2283 fere
776 2234 964 2310 nequeant.
1014 2215 1055 2288 ld
1081 2242 1193 2288 unum
1218 2215 1305 2286 mihi
1330 2236 1467 2289 certum
1492 2235 1562 2303 est,
1596 2214 1776 2287 undecimi
1800 2213 1929 2286 saeculi
1953 2217 2039 2286 Not-

126 2359 227 2431 geros
251 2358 325 2405 non
351 2358 424 2403 esse
449 2332 679 2430 significatos,
719 2333 801 2430 quia
831 2335 872 2404 in
900 2336 972 2409 hoc
1004 2338 1144 2409 saeculo
1170 2338 1254 2410 nales
1279 2342 1493 2409 Graecarum
1517 2336 1697 2408 literarum
1722 2335 1937 2408 characteres
1961 2359 2035 2406 non

63 2452 70 2467 '
128 2455 277 2554 amplius
312 2453 550 2554 reperiuntur,
592 2455 711 2550 quales
744 2455 782 2526 in
814 2457 929 2528 nostri
950 2456 1116 2564 'margine
1151 2477 1294 2530 exstant.
1366 2463 1488 2554 Itaque
1519 2457 1563 2528 ad
1594 2453 1790 2552 Notgerum
1825 2455 2037 2541 Balbum,

128 2575 414 2674 Papert‘sgrartum
451 2596 486 2647 et
517 2577 715 2673 episcopum
739 2573 1001 2660 Leodicensem,
1046 2599 1115 2650 tres
1135 2583 1171 2657 S.
1195 2577 1287 2650 Galli
1313 2579 1491 2666 alumnos,
1531 2577 1685 2652 revocati
1710 2604 1840 2651 sumus.
1890 2573 2040 2670 Nolgeri

124 2696 364 2795 Papert'sgmni
398 2697 494 2768 nulla
527 2715 660 2768 exstant
694 2718 932 2771 monumenta.
991 2703 1062 2771 Aut
1091 2698 1196 2796 igitur
1224 2699 1385 2772 Balbulus
1419 2699 1632 2797 significatur
1656 2701 1693 2796 (†
1713 2699 1802 2798 912)
1824 2717 1884 2769 aut
1908 2695 2038 2769 Laodi·

127 2819 238 2890 censis
270 2819 447 2917 (†1007).
504 2817 631 2888 Omnia
649 2818 832 2914 utriusque
852 2845 978 2918 opera,
1008 2846 1096 2916 quae
1121 2821 1238 2892 adhuc
1263 2840 1413 2905 exstant,
1449 2840 1485 2892 et
1506 2846 1595 2920 quae
1613 2819 1674 2892 hic
1695 2821 1733 2890 in
1752 2843 1896 2891 censum
1919 2815 2038 2890 venire

125 2967 228 3041 posse
263 2939 463 3025 videantur,
502 2937 651 3038 perlegi,
690 2963 807 3036 neque
837 2922 1028 3043 quicquam
1060 2941 1175 3040 reperi
1205 2942 1249 3014 ad
1286 2942 1384 3041 quod
1422 2943 1652 3041 glossatorem
1682 2941 1872 3042 respexisse
1901 2956 2035 3037 putem.
2151 2937 2155 2946 ’

128 3065 245 3154 Quare
271 3057 562 3132 verisimillimum
583 3059 670 3130 mihi
694 3061 807 3132 visum
833 3049 902 3172 est,
937 3061 980 3133 nd
1006 3061 1140 3134 Balhuli
1160 3065 1378 3161 grammatici
1400 3089 1509 3165 opera
1527 3065 1616 3135 haec
1636 3064 1785 3154 referr03
1832 3059 2037 3161 praesertim
2103 3085 2116 3110 ι
2159 3137 2165 3150 ,

127 3209 238 3280 quum
262 3183 333 3253 sere
363 3182 534 3280 plurimae
559 3181 671 3252 nostri
706 3183 838 3257 codicis
865 3203 970 3256 notae
998 3184 1202 3282 marginales
1234 3185 1457 3261 scholasticas
1488 3205 1578 3258 artes
1610 3201 1778 3284 spectent.
1831 3187 1882 3252 De
1908 3177 2035 3252 eodem
2133 3271 2135 3274 Ι

126 3306 280 3378 Notlero
302 3303 389 3374 infra
412 3303 514 3403 plura
536 3302 707 3376 dicentur.

966 3445 1000 3546 §.
1039 3443 1098 3514 88.

13 3595 104 3673 ΓΜ
149 3597 303 3666 Semel
294 3621 331 3669 m
357 3616 435 3670 toto
468 3597 578 3677 libro,
623 3621 701 3696 pag.
734 3594 817 3666 278
874 3593 929 3666 Ad
953 3628 1082 3693 ημεραν
1110 3598 1224 3670 refero
1250 3579 1407 3668 eiusdem
1441 3580 1564 3670 lineae
1617 3573 1908 3688 Quotiescunque
1929 3579 2035 3696 'enim

119 3751 227 3814 ημερα
249 3719 509 3802 nominabatur,
546 3717 618 3789 diei
640 3715 788 3788 extremi
812 3714 935 3787 iudicii
960 3717 1111 3816 antiquis
1142 3719 1180 3790 in
1204 3737 1359 3796 mentem
1382 3715 1488 3790 venit.

12 3843 146 3918 Sedul.
198 3840 312 3914 Semel
337 3867 415 3939 pag.
439 3842 521 3914 377
572 3846 652 3912 Duo
674 3837 810 3912 Sedulit'
829 3837 928 3910 Scoa'
946 3837 1004 3911 illa
1029 3861 1139 3913 aetate
1161 3841 1199 3912 in
1227 3839 1428 3913 scholarum
1448 3837 1579 3910 usibus.
1631 3838 1687 3909 Ad
1716 3835 1911 3936 presbyteri
1938 3765 2040 3905 Chri·

125 3964 227 4036 stiani
249 3963 450 4062 exemplum
473 3961 620 4032 seriores
638 3975 763 4060 poetae
785 3957 971 4032 Christiani
1000 3963 1131 4062 stylum
1154 3989 1258 4035 suum
1276 3961 1458 4061 poeticum
1480 3955 1805 4049 conformarunt5
1795 3982 1833 4027 ιιι
1859 3955 2036 4055 plerisque

122 4083 416 4157 bibliothecarum
438 4083 661 4179 antiquarum
681 4081 898 4178 catalogis
869 4107 942 4166 etus
964 4109 1072 4182 opera
1094 4085 1326 4185 reperiuntur.
1368 4088 1409 4153 ln
1428 4079 1661 4153 bibliothecae
1680 4083 1713 4149 S.
1733 4077 1827 4149 Galli
1844 4075 2036 4160 indicibus,

122 4206 263 4276 saeculo
286 4231 384 4279 nono
409 4203 618 4304 comparatis
639 4203 823 4300 aliquoties
844 4203 917 4274 eius
940 4215 1087 4276 metrum
1105 4205 1184 4305 (sic)
1202 4225 1417 4276 memoratur
1424 4233 1435 4294 3
1461 4225 1572 4272 unum
1595 4198 1795 4296 exemplum
1817 4193 2035 4294 Sangallense

122 4327 191 4398 iam
214 4325 335 4397 Turici
356 4326 511 4398 habetur.
564 4324 756 4425 Inprimis
747 4350 785 4395 ιιι
798 4323 975 4396 Britannia
993 4327 1189 4414 colebatur,
1224 4347 1259 4399 et
1282 4346 1376 4399 totos
1398 4349 1516 4398 versus
1541 4321 1635 4420 apud
1659 4319 1895 4417 sangallenses
1918 4343 1961 4388 ex
1986 4341 2031 4388 eo

123 4449 251 4556 reperi.
321 4449 494 4521 Alcut'nus
524 4447 584 4546 (de
611 4446 806 4546 pontificib.
837 4467 872 4518 et
895 4447 1027 4521 Sanctis
1055 4445 1141 4522 eccl.
1159 4447 1231 4521 ΕΙ).
1244 4473 1299 4548 ap
1311 4443 1429 4522 Gale.
1449 4445 1493 4515 T.
1518 4449 1544 4515 1.
1574 4469 1610 4542 p.
1637 4439 1808 4534 750)1a
1832 4437 1963 4512 cecinit
1989 4437 2035 4508 de

122 4551 339 4645 bibliotheca
358 4570 585 4656 Eboracensi:

224 4697 325 4788 Quae
350 4693 551 4766 Victorinus
570 4689 739 4792 scripsere
759 4691 915 4776 Boetius,
940 4711 1045 4788 atque
1087 4733 1106 4784 g

180 4821 185 4834 '
224 4815 390 4888 Historici
411 4817 562 4902 veteres,
593 4813 801 4916 Pompeius,
831 4813 980 4895 Plinius,
1013 4813 1090 4914 ipse
1132 4823 1135 4828 “
1273 4825 1276 4828 ’

221 4942 314 5009 Acer
329 4935 559 5021 aristoteles,
591 4939 714 5012 rhetor
739 4957 843 5036 atque
866 4936 1004 5029 Tullius
1027 4935 1168 5034 ingens3

221 5058 318 5152 Quid
345 5083 489 5158 quoqne
512 5059 688 5144 &dulciss
729 5058 786 5132 rel
804 5056 891 5156 quid
914 5057 1008 5129 canit
1028 5057 1103 5160 ipse
1124 5063 1296 5131 Iuvencus
1329 5073 1396 5126 cet.

513 5203 516 5208 ,
1505 5178 1524 5240 5
1544 5183 1561 5217 ῃ
