4764 6076
345 356 494 422 xtvm
1164 303 1526 420 Pnonncomntta
1571 361 1575 368 ⁴

342 534 433 603 inter
466 515 575 601 inulta
607 529 855 630 pretiosissima
890 531 1067 603 volumina
1101 530 1205 603 etiam
1236 535 1492 628 evangeliorum
1524 559 1633 606 unum
1664 556 1827 635 patrasse.
1875 542 1954 607 Huc
1987 537 2093 634 igitur
2128 535 2240 608 traho
2274 537 2344 607 illud

343 652 539 725 Matthaeus
555 661 693 726 Marcus
718 657 830 726 Lucas
855 674 891 725 et
914 658 1082 740 loannes,
1109 681 1262 754 quorum
1288 657 1482 732 celebrabat
1506 657 1679 744 honores,
1705 657 1743 728 in
1769 657 1911 730 coelum
1937 657 1969 729 ei
1995 657 2145 732 comites
2165 678 2205 730 et
2221 661 2345 760 patroni

343 797 422 847 smt.

1272 917 1305 1017 1.
1335 921 1416 990 117.

435 1057 535 1146 Quae
560 1053 589 1122 si
612 1053 661 1123 ita
686 1072 767 1124 sunt
792 1077 873 1123 cum
897 1050 971 1124 istis
996 1052 1154 1152 Ratperti
1182 1053 1314 1126 codicis
1340 1054 1453 1126 nostri
1477 1053 1640 1128 versiculi
1666 1056 1811 1129 extremi
1837 1055 1989 1128 conferri
2014 1077 2213 1128 merentur.
2278 1058 2349 1128 Mihi

345 1176 439 1247 enim
454 1181 639 1274 Ratpertus
665 1175 745 1246 illos
770 1201 880 1271 quum
904 1201 987 1246 suos
1011 1196 1179 1274 pangeret
1204 1197 1282 1249 ante
1310 1179 1433 1250 oculos
1458 1176 1636 1262 habuisse,
1664 1198 1699 1250 et
1725 1177 1822 1276 quod
1849 1176 2002 1251 iuvaris
2027 1196 2204 1275 posuerat
2231 1177 2348 1250 codicis

237 1355 241 1362 .
344 1297 456 1368 nostri
480 1296 609 1382 scriba,
637 1294 668 1366 ei
693 1296 896 1369 solemniter
920 1299 1029 1370 fausta
1055 1297 1213 1372 oratione
1240 1300 1451 1400 imprecatus
1477 1326 1550 1372 esse
1573 1299 1722 1373 videtur.
1774 1299 1866 1372 Nolo
1884 1320 1999 1372 totum
2016 1325 2161 1370 carmen
2180 1320 2346 1399 repetere.

346 1419 444 1490 cuius
470 1439 505 1490 et
531 1419 595 1490 alia
619 1419 697 1492 loca
722 1419 892 1518 componi
917 1441 1104 1492 merentur.
1164 1426 1334 1521 Repetam
1360 1420 1624 1496 tantummodo:
1683 1463 1684 1466 =

973 1529 976 1534 ¹
1014 1547 1066 1614 Da
1090 1546 1184 1616 bone
1209 1543 1344 1616 Christe

549 1793 599 1860 Da
625 1789 730 1860 dolor
757 1767 913 1874 absistat,
940 1788 984 1860 da
1009 1788 1126 1869 vitam,
1141 1789 1254 1887 daque
1280 1789 1443 1888 sophiam

640 1917 709 1984 Des
735 1910 823 1980 mihi
847 1911 1028 2010 perpetui,
1055 1933 1090 1983 te
1116 1939 1221 2011 rogo,
1256 1939 1360 2009 regna
1385 1911 1472 2011 poli.
1574 1921 1577 1928 '

443 2042 494 2106 Ita
521 2035 564 2106 de
592 2033 726 2106 codicis
752 2053 822 2104 tam
847 2035 958 2132 patria
984 2061 1091 2131 quam
1115 2052 1225 2105 aetate
1251 2031 1436 2105 definitum
1461 2053 1522 2106 est.
1574 2039 1622 2104 Ut
1652 2057 1697 2104 ne
1731 2053 1847 2106 tamen
1878 2053 2049 2106 consueto
2085 2033 2232 2105 tramite
2266 2034 2352 2104 nimis

1403 2155 1416 2194 ‘t

1434 2212 1441 2228 ⁸

346 2151 572 2244 excedamus,
600 2157 735 2254 reliqua
760 2156 878 2226 aetatis
904 2156 1033 2226 indicia
1059 2181 1261 2227 enumerare
1287 2154 1431 2254 iuvatt)

1277 2321 1312 2411 g.
1343 2319 1424 2392 118.

442 2457 599 2528 Primum
630 2476 766 2540 autem,
809 2454 891 2525 licet
924 2455 1008 2526 varii
1040 2455 1171 2527 librarii
1203 2482 1292 2555 opus
1325 2455 1553 2541 absolverint,
1590 2455 1815 2526 statuendum
1849 2473 1918 2539 est,
1956 2479 2030 2526 nou
2055 2453 2220 2526 multum
2246 2453 2352 2523 dissito

346 2578 548 2650 universum
575 2605 665 2679 opus
691 2599 852 2676 tempore
879 2602 951 2648 esse
978 2593 1173 2649 exaratum
1223 2583 1300 2650 Hoc
1333 2578 1442 2650 totius
1471 2577 1663 2676 scripturae
1697 2576 1916 2661 charactere,
1954 2595 2125 2673 quantum
2152 2575 2194 2660 in
2223 2573 2353 2646 dirersis

349 2700 507 2770 manibus
535 2727 606 2774 esse
633 2721 750 2800 potest
776 2699 966 2786 simillimo,
992 2699 1194 2800 pergameni
1220 2724 1354 2796 genere,
1379 2700 1584 2798 paginarum
1610 2699 1809 2784 emensione
1837 2698 1970 2796 etipsa
1999 2697 2087 2768 adeo
2117 2697 2263 2768 ratione
2290 2721 2355 2793 pro

348 2824 463 2907 batur,
505 2850 572 2918 qua
606 2824 759 2920 singulae
792 2821 872 2893 libri
906 2843 1022 2922 partes
1054 2822 1118 2892 sibi
1152 2822 1301 2892 invicem
1328 2842 1579 2908 annectuntur,
1621 2821 1686 2907 ita,
1722 2841 1763 2892 ut
1785 2820 1860 2908 duo
1885 2818 1942 2891 vel
1965 2800 2085 2917 plures
2111 2816 2208 2890 adeo
2236 2817 2352 2888 scribae

350 2943 456 3013 simul
481 2943 518 3013 in
543 2944 635 3016 libro
662 2943 914 3042 exemplando,
951 2971 1020 3040 qua
1045 2969 1131 3016 voce
1158 2945 1262 3040 vulgo
1289 2965 1453 3030 utuntur,
1488 2943 1650 3042 occupati
1674 2942 1778 3014 fuisse
1804 2939 1996 3015 videantur.

1278 3106 1310 3204 §·
1340 3106 1421 3179 119.

456 3241 590 3314 Deinde
625 3261 729 3315 notae
763 3240 967 3338 marginales
1002 3241 1238 3342 respiciendae
1274 3263 1365 3314 sunt.
1418 3247 1469 3314 De
1503 3242 1629 3340 quihus
1664 3241 1806 3339 singulis
1839 3239 2006 3338 singulari
2040 3239 2154 3338 capite
2191 3259 2353 3309 accurate.

350 3365 416 3436 Hic
441 3365 659 3436 monendum
686 3385 750 3451 est,
789 3369 994 3464 Aganonem
1031 3390 1103 3438 esse
1137 3363 1312 3438 iuniorem
1347 3365 1528 3452 omnibus,
1571 3390 1724 3462 quorum
1749 3361 1893 3436 nomina
1917 3363 1956 3432 in
1979 3360 2196 3457 marginibus
2225 3359 2355 3456 conspi

350 3486 501 3556 ciuntur.
554 3491 719 3582 Aganone
745 3489 884 3559 saeculo
912 3489 1051 3562 decimo
1077 3510 1198 3560 noster
1221 3487 1335 3563 codex
1360 3489 1558 3587 assignatur.
1610 3491 1767 3584 Namque
1792 3485 1863 3576 941
1892 3483 1988 3556 diem
2011 3509 2229 3582 supremum
2254 3484 2356 3554 obisse

350 3606 489 3704 dicitur.
544 3605 611 3677 Sed
638 3629 742 3702 supra
768 3628 947 3679 ostensum
972 3630 1041 3694 est‘,
1067 3631 1167 3682 notas
1194 3611 1327 3682 codicis
1352 3611 1555 3706 marginales
1579 3609 1786 3705 neutiquam
1810 3633 1884 3680 uno
1910 3619 2071 3705 tempore
2098 3604 2259 3676 adiectas
2289 3629 2356 3679 esse

351 3749 386 3799 et
410 3729 571 3828 inprimis
596 3732 770 3822 aganonis
795 3755 927 3800 nomeu
954 3749 1024 3799 tam
1049 3729 1228 3801 literarum
1254 3731 1365 3802 forma
1392 3742 1496 3827 quam
1522 3729 1703 3802 atramenti
1729 3729 1849 3802 colore
1875 3729 1919 3801 ad
1945 3747 2084 3826 tempus
2110 3726 2233 3812 reiici‚
2272 3725 2356 3823 quod

266 3933 270 3941 Ι
350 3851 431 3921 satis
457 3851 602 3948 quidem
629 3878 648 3921 a
675 3871 834 3951 tempore
860 3850 982 3951 scripti
1006 3850 1088 3923 libri
1113 3849 1269 3922 abfuerit.

1280 4015 1314 4116 1.
1344 4017 1424 4086 111.

429 4137 542 4219 ιΤ11111
566 4149 725 4221 universa
751 4151 923 4252 scriptura
949 4153 1210 4226 consideranda.
1275 4160 1317 4224 In
1343 4175 1420 4227 toto
1446 4152 1556 4240 libro,
1600 4151 1753 4251 exceptis
1777 4149 1898 4250 paucis
1924 4150 2032 4222 Marci
2058 4149 2215 4251 paginis,
2260 4151 2358 4224 semel

353 4270 515 4370 spiritum
541 4271 656 4370 reperi
681 4272 893 4360 indicatum,
932 4275 969 4347 in
1002 4301 1090 4348 voce
1125 4305 1216 4349 επτα.
1265 4281 1440 4346 Accentus
1473 4291 1664 4369 nusquam,
1704 4273 1772 4344 nisi
1804 4272 1912 4369 aliqui
1944 4298 2107 4372 perverse
2134 4273 2359 4346 collocatiiu

355 4401 497 4478 Marco,
540 4415 682 4466 exstant.
751 4399 922 4485 Docetur,
960 4423 1002 4470 111
1034 4397 1125 4470 libro
1156 4379 1354 4468 accentibus
1397 4417 1432 4468 et
1464 4393 1642 4494 spiritibus
1677 4416 1815 4467 carente
1848 4415 2011 4467 nostrum
2045 4419 2119 4473 esse
2159 4394 2359 4466 delibatum.

353 4515 475 4587 Octavi
506 4534 622 4586 autem
658 4537 692 4588 et
724 4519 811 4589 noni
844 4520 974 4592 saeculi
1009 4522 1080 4592 fere
1114 4517 1204 4591 nulli
1236 4517 1315 4592 libri
1350 4517 1588 4618 reperiuntur,
1627 4515 1686 4613 qui
1722 4517 1922 4590 accentibus
1948 4538 1983 4590 et
2006 4515 2186 4622 spiritibus
2215 4539 2359 4590 careant.

353 4637 488 4710 Literae
515 4637 746 4712 cummaxime
773 4638 944 4714 rotutidae
971 4663 1069 4730 sunt,
1096 4643 1294 4744 paullulum
1317 4661 1454 4714 tantum
1478 4639 1521 4710 ad
1547 4641 1695 4744 formam
1720 4640 1909 4738 oblongam
1933 4640 2144 4742 productae,
2179 4665 2277 4737 quae
2306 4640 2359 4709 iam

355 4780 480 4834 octavo
506 4760 653 4833 saeculo¹
671 4762 709 4832 in
734 4789 861 4862 magno
877 4791 945 4837 usu
966 4784 1073 4838 erant.
1124 4765 1232 4864 Linea
1248 4795 1309 4840 ron
1326 4774 1421 4852 θητα
1441 4781 1631 4836 transversa
1646 4788 1819 4861 nusquam
1837 4783 1934 4838 extra
1951 4761 2162 4865 porrigitur,
2189 4785 2367 4862 nusquam*

438 5037 468 5112 ⁸¹)
509 5037 638 5101 Patriae
659 5035 784 5124 singula
805 5041 922 5108 iudicia
941 5044 974 5108 in
996 5007 1252 5111 adnotationibus
1273 5041 1464 5128 significavi.
1506 5044 1584 5115 vit.
1602 5065 1681 5129 pag.
1702 5043 1811 5120 60,1.
