4764 6076
361 412 520 482 xxxtv
815 469 821 478 ,
1179 405 1542 472 Pnonccotsstttn

459 585 681 666 metandum
706 611 792 658 ene.
841 585 939 678 Quid
964 608 1049 656 vero
1073 582 1164 656 duos
1185 581 1224 653 in
1248 603 1327 656 toto
1351 583 1443 656 lihro
1467 582 1569 656 locos
1592 581 1682 655 adeo
1707 581 1930 679 insigniverit,
1955 602 1997 654 ut
2019 581 2064 654 ad
2089 605 2153 654 eos
2184 581 2278 654 solos
2301 585 2347 654 ista

457 730 545 783 nota
568 707 794 788 adficeretur,
828 707 934 806 plane
956 729 1031 778 non
1055 703 1332 802 comprehendo.
1380 703 1664 804 Exspectandum
1686 703 1807 803 potins
1831 705 1940 791 soret,
1965 724 2025 791 ut,
2050 704 2081 776 si
2104 702 2154 776 ita
2179 725 2286 790 esset,
2308 704 2347 775 ia

433 829 618 904 numeris
641 828 777 900 vicibus
791 807 943 900 'redires
993 829 1111 918 Quare
1136 823 1231 896 alind
1256 824 1532 921 investigandum
1557 845 1620 897 est.
1669 823 1777 917 Quod
1812 825 1912 898 facile
1943 843 2097 925 pateret,
2134 825 2166 896 si
2198 850 2347 923 compen

459 951 559 1027 dium
582 949 658 1024 sola
681 975 760 1048 pag.
780 949 853 1039 274
877 965 1034 1020 exstaret
1085 945 1140 1021 Ad
1165 963 1279 1015 tentus
1304 944 1400 1018 enim
1424 947 1528 1017 verba
1552 951 1628 1016 καθ
1645 973 1775 1039 ημεραν
1802 947 1985 1034 referrem,
2011 973 2101 1046 quae
2117 966 2159 1018 nt
2176 946 2245 1018 alia
2260 949 2348 1018 multa

461 1073 501 1144 in
525 1071 680 1168 margine
706 1069 853 1170 repetita
875 1069 955 1140 sint
1005 1071 1052 1139 Δι
1074 1091 1153 1166 pag.
1176 1065 1248 1140 196
1271 1065 1344 1140 hoc
1367 1067 1473 1138 statui
1495 1068 1629 1166 nequit.
1679 1071 1796 1162 Quare
1812 1068 1850 1138 in
1865 1087 2018 1164 utroque
2033 1068 2117 1142 loco
2133 1075 2348 1162 καθημριιις

335 1267 339 1275 ,
462 1190 670 1289 significatas
695 1217 768 1262 esse
793 1189 966 1275 coniicio,
998 1187 1049 1260 ita
1072 1186 1235 1286 quidem,
1266 1208 1308 1262 ut
1330 1188 1450 1287 priore
1474 1189 1559 1262 loco
1583 1189 1627 1261 ad
1652 1209 1896 1287 argumentum
1919 1189 1997 1262 talis
2021 1191 2169 1264 alicuius
2196 1193 2349 1278 carminis

460 1313 529 1386 illo
554 1332 716 1412 tempore
740 1311 870 1410 vulgati
893 1308 1069 1384 alludatur
1078 1309 1134 1408 ⁹);
1159 1309 1355 1408 posteriore
1376 1308 1421 1380 ad
1436 1335 1568 1382 nomen
1582 1310 1709 1410 ipsum.
1758 1309 1881 1402 Quod,
1906 1331 2078 1408 quantum
2092 1311 2185 1394 scio,
2211 1313 2350 1411 inprimis

462 1458 529 1533 per
552 1433 733 1506 Aureliam
757 1429 990 1506 Pudentem
1013 1429 1237 1502 nobilitatum
1261 1449 1330 1521 est,
1354 1445 1497 1530 poetam
1520 1431 1613 1504 inter
1636 1431 1849 1506 Christianos
1873 1430 1968 1503 haud
1994 1431 2118 1504 infimo
2141 1431 2230 1504 loco
2257 1431 2348 1503 collo

462 1554 633 1636 candum,
670 1553 770 1626 cuins
805 1551 951 1650 quidem
984 1551 1128 1650 hymni,
1162 1576 1255 1650 puro
1279 1551 1490 1651 plerumque
1513 1571 1628 1626 metro
1653 1551 1800 1650 alligati,
1833 1551 1894 1650 qui
1918 1551 2029 1625 hodie
2052 1552 2216 1649 legantur
2241 1551 2350 1648 dignis

462 1671 543 1743 simi
574 1693 665 1746 sunt.
716 1679 813 1746 Inter
845 1671 1000 1768 reliquos
1032 1672 1247 1744 Galliamhus
1280 1671 1428 1759 eminet,
1464 1698 1537 1771 quo
1562 1673 1753 1748 Catulliana
1777 1672 1983 1746 dexteritate
2024 1671 2194 1760 „Claui
2214 1676 2350 1767 aitsr'gm'a

458 1807 587 1888 μείω*
611 1815 794 1866 canuntur.
1112 1829 1116 1836 ·

1304 1892 1338 1994 ς.
1364 1890 1423 1961 ss.

702 2031 796 2097 Haec
822 2025 941 2099 omnia
964 2025 1002 2096 in
1026 2023 1170 2125 paginae
1198 2025 1267 2098 527
1294 2023 1447 2122 margine
1474 2043 1611 2123 reperta
1629 2049 1741 2096 unum
1764 2048 1905 2096 sensum
1925 2023 2096 2104 efficiunt,
2120 2019 2238 2094 hunc:
2266 2022 2354 2096 Deest

360 2159 617 2235 AHOKOIIH
680 2225 682 2230 ,
701 2146 886 2224 decollatio
910 2145 1077 2230 Ιοαιιιιιζι,
1103 2157 1135 2215 el
1151 2145 1357 2244 baptismus,
1382 2144 1479 2215 cuius
1500 2139 1557 2213 lu‘c
1572 2143 1699 2214 mentm
1715 2144 1882 2229 inti'ct'lur,
1907 2157 1988 2215 ante
2000 2143 2202 2242 passchnem
2220 2143 2354 2215 Ioannis

362 2263 579 2362 baptismum
702 2268 928 2340 collocandus
944 2246 1003 2338 esl.
1053 2272 1176 2363 ltaque
1196 2293 1279 2338 cum
1303 2265 1522 2362 reliquorum
1548 2264 1834 2360 evangelistarum
1858 2263 2055 2336 narratione
2078 2263 2222 2334 Ioannis
2248 2263 2353 2336 relatio

363 2379 638 2491 dapassthnem
702 2389 944 2488 componitur,
970 2387 1114 2486 etquid
1141 2387 1231 2460 desit
1255 2387 1439 2460 indicatur.
1491 2392 1613 2480 Itaque
1637 2383 1726 2456 haec
1748 2387 1850 2458 verba
1867 2383 1972 2458 etiam
1987 2407 2092 2484 supra
2106 2388 2148 2460 N.
2167 2388 2215 2463 Π,
2235 2410 2353 2483 ponere

699 2510 901 2612 potuissem.
952 2514 1040 2582 Sunt
1065 2509 1160 2580 enim
1185 2507 1451 2606 quodammodo
1479 2505 1598 2578 titulus
1621 2503 1810 2602 negativus.

557 2699 561 2702 ·
1298 2660 1332 2760 §.
1366 2660 1426 2750 84.

366 2759 436 2846 iffi
456 2765 479 2842 ι’
502 2801 527 2860 q
559 2764 744 2845 mdrt'ld·
770 2768 849 2860 Peg.
877 2765 960 2836 331.

558 2883 660 2958 Haud
695 2903 899 2956 cunctanter
929 2883 977 2968 die
1009 2882 1053 2954 ad
1087 2873 1215 2956 Graeci
1246 2904 1359 2958 textus
1388 2887 1535 2958 verbum
1567 2913 1656 2977 oure
1696 2884 1869 2984 respicere
1901 2882 2081 2956 cordatior
2109 2883 2264 2982 quisque
2290 2913 2356 2986 pro

463 3004 647 3078 nuntiabit.
697 3007 738 3072 In
763 3001 906 3098 reliquis
933 3001 1151 3101 exponendis
1176 3002 1281 3075 etiam
1305 3004 1495 3100 sagaciores
1519 3005 1722 3078 haerebunt.
1771 3009 1850 3078 Non
1862 3029 1973 3074 unum
1986 3005 2080 3075 enim
2092 3002 2209 3076 vinam
2223 3006 2356 3080 doctum

460 3127 534 3200 vidi
557 3124 804 3208 haesitantem,
856 3121 943 3219 quid
976 3122 1020 3194 de
1053 3122 1149 3194 hisce
1176 3124 1396 3224 compendiis
1420 3145 1596 3200 statueret.
1646 3125 1823 3225 Equidem
1847 3124 1895 3196 ita
1920 3123 2069 3223 explico.
2118 3124 2148 3197 I
2167 3129 2357 3228 suprapiets

457 3246 589 3319 lineola
617 3245 788 3341 significat
820 3244 867 3314 in.
927 3243 1122 3318 Tritissimo
1155 3270 1232 3316 usu.
1293 3244 1331 3319 G
1361 3247 1560 3348 suprapicta
1590 3248 1721 3320 lineola
1754 3246 1908 3319 ostendit
1943 3245 2052 3326 Grae,
2084 3246 2174 3342 utp'r
2200 3281 2244 3314 =
2267 3277 2356 3348 prae,

459 3367 608 3462 aliaque.
693 3345 774 3432 mar
812 3366 978 3458 magister
999 3363 1187 3461 legendum
1212 3385 1274 3437 est.
1324 3367 1583 3468 Compendium
1606 3365 1794 3440 serior-ibus
1821 3364 1968 3438 saeculis
1987 3365 2077 3436 adeo
2098 3364 2141 3435 ad
2174 3349 2238 3434 ἦ
2272 3370 2357 3440 redu

456 3509 564 3562 ctum.
615 3488 665 3558 Cs.
688 3487 762 3560 W
755 3483 885 3558 ollhert‘
897 3485 1015 3557 Lexic.
1042 3485 1192 3586 diplom.
1219 3485 1291 3563 col.
1319 3485 1401 3560 216.
1425 3485 1489 3566 lin.
1517 3488 1574 3580 24.
1602 3487 1660 3560 25.
1689 3529 1731 3545 -
1767 3487 1927 3560 Alterum
1954 3488 2126 3569 litorum
2151 3488 2233 3588 lege
2269 3495 2310 3562 in
2336 3513 2358 3561 et

458 3607 558 3706 quod
591 3607 750 3703 sequitur
791 3589 843 3676 Ιῖ
869 3606 1059 3704 pronuntia
1084 3605 1229 3678 Latino.
1280 3611 1412 3680 Totum
1444 3607 1550 3705 igitur
1581 3610 1629 3682 ita
1659 3628 1774 3680 sonat:
1823 3615 1956 3682 ΦΑΓΕ
1978 3611 2016 3680 in
2043 3609 2178 3684 Graeco
2207 3615 2362 3708 magistu

459 3731 497 3828 'l'
522 3727 667 3800 Latino.
719 3731 840 3822 Itaque
867 3727 1037 3823 glossator
1060 3723 1229 3798 Ioannem
1253 3751 1320 3824 pro
1347 3728 1601 3802 consuetudine
1626 3729 1837 3802 Hebraicum
1852 3735 2007 3804 PABBI
2018 3729 2122 3802 etiam
2137 3730 2177 3801 in
2193 3736 2362 3804 Graecum¹

464 3845 678 3917 transtulisse
703 3846 898 3946 suspicatus
922 3866 989 3932 est,
1016 3866 1052 3918 et
1075 3847 1172 3946 ipse,
1207 3845 1304 3943 quod
1332 3845 1369 3916 in
1393 3847 1605 3922 vercellensi
1629 3869 1697 3932 est,
1730 3852 1897 3944 magester
1918 3851 2122 3925 addendum
2145 3855 2306 3952 putavit.

359 4063 442 4136 ῐιιιῑὶ
463 4060 533 4134 solt.
562 4079 714 4132 onoma.
750 4066 829 4158 Peg.
858 4061 940 4134 567.
1301 3967 1334 4065 §⁸
1362 3965 1420 4040 85⁶

555 4183 715 4276 Quilibet
738 4181 852 4267 videt,
879 4181 964 4279 qnid
989 4183 1050 4256 hic
1074 4183 1263 4282 legendum
1286 4185 1344 4266 sit.
1393 4184 1638 4260 Eruditionem
1662 4211 1761 4258 suam
1785 4185 1955 4283 glossator
1979 4187 2109 4260 iterum
2131 4212 2272 4288 pamm
2289 4189 2362 4262 ieliti

346 4327 358 4346 ⁸
455 4304 591 4376 ratione
616 4302 790 4389 ostendit,
828 4302 872 4374 ad
906 4303 1074 4400 evangelii
1107 4305 1252 4377 Ioannei
1284 4306 1441 4395 initium,
1479 4315 1669 4384 aAorttt
1693 4327 1866 4393 sumtum,
1901 4307 1963 4379 hic
1987 4309 2158 4380 lectorem
2184 4335 2362 4394 revocans

458 4426 520 4498 uhi
544 4425 649 4526 plane
673 4426 740 4497 alia
763 4424 1014 4524 significatione
1039 4431 1205 4502 ΛΟΓΟΣ
1226 4448 1346 4500 exstat.

357 4652 517 4716 froma.
568 4647 647 4738 Pag.
674 4637 757 4714 576.
807 4646 918 4739 Lege:
945 4643 983 4730 in
1007 4641 1208 4718 Romanos.
1303 4554 1337 4656 §.
1364 4551 1422 4624 86⁸

553 4762 794 4836 Nobilissimus
817 4764 937 4850 locus,
963 4765 1026 4861 qui
1049 4763 1093 4838 ad
1120 4765 1326 4864 dogmatum
1347 4767 1530 4841 historiam
1549 4769 1708 4842 conferre
1726 4793 1832 4868 posse
1852 4768 2001 4842 videtur.
2050 4772 2141 4842 Stmt
2163 4767 2272 4840 enim
2295 4767 2359 4838 hau

442 4934 475 5007 ¹⁶)
517 4933 669 4998 Fortasse
696 4889 736 4995 ad
763 4935 903 4996 Tutiloot't
922 4957 1067 5000 carmen:
1103 4937 1196 5001 Hodie
1215 4940 1373 5002 metuetur
1391 4951 1431 5004 est
1456 4951 1536 5016 cet„
1570 4947 1659 5026 quod
1681 4941 1713 5006 in
1735 4941 1926 5012 monasterio
1948 4913 2149 5023 sangallensi
2171 4938 2362 5014 dictaverat}

513 5023 698 5110 respicitur.
740 5026 966 5096 emicantes
987 5031 1065 5092 Act.
1087 5033 1160 5094 ord.
1184 5033 1220 5096 S.
1242 5031 1364 5096 Bened.
1386 5053 1471 5097 saec.
1494 5035 1540 5100 V.
1562 5035 1624 5100 tot.
1648 5036 1698 5097 tt.
1720 5033 1842 5100 infimo.
