4764 6076
1166 391 1531 460 PnoquoMuth

1294 573 1328 674 ς.
1368 573 1403 645 s.

435 695 499 768 Est
523 710 642 767 antem
664 687 753 768 haec
777 708 898 762 nostra
922 687 1032 762 editio
1058 707 1130 762 tam
1153 714 1264 789 parvo
1287 691 1403 791 pretio
1428 691 1609 792 parabilis,
1645 703 1685 764 ue
1708 694 1837 772 maison
1861 717 1934 766 ιιοιι
1958 705 2151 795 prostaret,
2182 701 2220 771 si
2240 709 2360 770 totum

338 842 429 918 epus
461 815 557 919 typri
585 813 799 910 exscriptum
831 821 926 884 esset.
976 809 1117 902 Quodsi
1149 811 1381 910 reputaveris,
1416 832 1546 912 quanta
1577 813 1728 914 pecunia
1755 811 1899 888 collatio
1930 815 2080 915 simplex
2114 817 2359 907 constitisset,

338 935 551 1036 quotiesque
570 930 765 1033 repetenda
777 931 915 1018 fuisset,
941 957 1052 1028 usque
1076 931 1163 1004 dum
1180 933 1336 1030 perfecta
1350 933 1451 1006 fieret
1468 934 1524 1007 vel
1544 934 1649 1033 plane
1668 932 1821 1022 inutilis,
1846 935 1977 1034 quodsi
1994 936 2199 1035 cogitaveris
2219 939 2359 1014 librum

336 1079 499 1134 nostmm
523 1056 667 1130 anullo
692 1051 809 1129 adhuc
841 1052 878 1124 in
910 1078 1013 1126 usum
1041 1072 1206 1126 vocatum
1241 1078 1335 1142 esse,
1367 1055 1465 1128 facile
1496 1053 1688 1143 concedes,
1723 1056 1898 1155 aptiorem
1921 1057 2052 1130 edendi
2076 1057 2228 1132 modum
2253 1059 2358 1132 band

336 1179 494 1280 potuisse
520 1176 720 1275 excogitari.
771 1180 892 1272 Neque
918 1173 1066 1248 omnino
1084 1199 1230 1262 vereor,
1254 1199 1299 1248 ne
1318 1175 1406 1250 mibi
1424 1177 1467 1248 ab
1491 1175 1611 1275 aliquo
1627 1201 1746 1252 renam
1768 1176 1968 1254 criticorum
1992 1179 2139 1254 amatori
2154 1179 2219 1252 ista
2237 1180 2356 1254 editio

336 1301 533 1402 opprobrio
558 1303 717 1399 utiquam
740 1315 901 1370 vertatur.

1285 1465 1319 1564 ς.
1356 1461 1391 1536 9.

428 1621 522 1690 llaec
550 1617 595 1688 de
625 1611 774 1686 consilio
804 1609 901 1708 quod
935 1630 1075 1684 secutus
1101 1637 1180 1684 sum
1208 1611 1246 1684 in
1275 1613 1477 1687 universum
1510 1613 1603 1688 dicta
1632 1615 1712 1688 sint.
1761 1617 1809 1687 At
1838 1638 1923 1689 vero
1946 1615 2058 1688 etiam
2085 1615 2151 1689 alie
2180 1619 2355 1715 singulari

333 1742 469 1815 ratione
491 1740 619 1811 ductus
642 1762 737 1818 sum,
763 1760 875 1831 quum
895 1731 993 1804 bunc
1017 1731 1174 1806 laborem
1196 1733 1284 1808 mihi
1306 1761 1492 1808 sumerem.
1539 1733 1831 1808 Animadvertisse
1855 1735 1950 1808 enim
1974 1735 2063 1807 mihi
2085 1734 2223 1820 videor,
2256 1739 2355 1810 inter

332 1885 472 1937 nostrae
503 1859 622 1933 aetatis
650 1855 838 1953 theologos
870 1882 943 1927 esse
974 1852 1131 1927 criticam
1160 1881 1293 1930 sacram
1324 1884 1401 1930 eam
1430 1855 1676 1957 disciplinam,
1710 1857 1747 1928 in
1775 1883 1845 1954 qua
1881 1856 2029 1929 minimo
2065 1883 2147 1929 cum
2179 1861 2354 1932 successu

332 1984 539 2058 elaboretur.
591 1976 912 2073 Praeivitquidem
938 1973 1196 2050 Lachmannus
1221 1979 1331 2066 viarm
1367 2006 1450 2078 qua,
1488 1979 1669 2052 emendata
1695 1969 1833 2063 tamen,
1866 1975 1896 2047 si
1921 1976 1980 2048 alii
2004 1977 2161 2050 insistere
2190 1981 2352 2066 vellent,

331 2105 375 2180 ad
407 2105 514 2176 linem
537 2101 693 2199 aliquem
715 2099 877 2171 laborum
898 2097 1080 2199 pervenire
1106 2124 1210 2198 posse
1237 2099 1445 2172 videremur.
1495 2104 1542 2172 At
1567 2126 1651 2172 vero
1676 2099 1764 2171 haec
1788 2098 1844 2172 via
1871 2099 2018 2171 molesta
2050 2120 2111 2171 est.
2162 2105 2273 2186 Nam,
2311 2125 2354 2174 ut

330 2249 465 2302 ursam
482 2225 621 2298 labores
636 2221 702 2320 'qui
717 2219 892 2292 subeundi
906 2237 987 2290 sunt
1006 2217 1044 2290 in
1062 2217 1297 2292 examinandis
1318 2220 1547 2307 lectionibus,
1572 2221 1749 2321 plerisque
1768 2218 1942 2316 theologis
1958 2245 2002 2291 ne
2021 2219 2173 2320 pecunia
2195 2221 2352 2317 quidem

329 2351 424 2420 lanta
449 2367 516 2432 est,
543 2365 584 2416 ut
611 2341 737 2414 auxilia
761 2339 880 2412 critica
907 2340 973 2412 sibi
1000 2367 1203 2441 comparare
1228 2340 1374 2441 possint.
1424 2341 1510 2413 Inde
1534 2343 1663 2413 sactum
1688 2361 1758 2426 est,
1786 2359 1826 2412 ut
1846 2338 1951 2436 longe
1976 2339 2120 2440 plurimi
2148 2341 2352 2414 etiamnum

330 2473 367 2542 in
385 2470 441 2543 via
461 2467 542 2538 trita
563 2483 727 2564 pergant3
752 2461 835 2533 inde
858 2461 1002 2543 accidit,
1027 2480 1067 2532 ut
1086 2460 1245 2560 quotidie
1264 2463 1301 2534 in
1322 2461 1604 2564 ephemeridibus
1626 2447 1755 2534 criticis
1776 2459 1967 2532 rationibus
1984 2485 2140 2560 pugnare
2159 2461 2351 2534 videamus
2378 2495 2379 2550 l

331 2592 475 2670 doctos,
501 2612 589 2684 quae
609 2583 704 2684 apud
721 2582 923 2684 philologos
943 2581 1005 2654 diu
1025 2601 1106 2653 sunt
1127 2583 1301 2684 explosae.
1352 2590 1507 2682 Namque
1526 2584 1630 2681 longe
1652 2581 1796 2683 plurimi
1818 2607 1862 2652 ne
1879 2607 1991 2652 unum
2010 2581 2156 2680 quidem
2174 2583 2350 2655 codicem
2378 2671 2379 2706 1

331 2738 439 2783 manu
469 2729 646 2780 exaratum
675 2703 832 2776 manibus
855 2723 1135 2790 contrectamnt,
1170 2704 1282 2776 oculis
1308 2705 1551 2806 inspexerunt,
1586 2705 1699 2778 multo
1724 2723 1841 2777 autem
1865 2701 1981 2774 minus
2005 2701 2070 2774 arti
2099 2702 2241 2776 criticae
2269 2725 2350 2776 stu-

334 2832 496 2908 duerunt.
546 2831 664 2923 Quare
690 2823 889 2898 notissimae
916 2851 969 2897 res
996 2824 1147 2898 ridiculo
1171 2827 1283 2902 modo
1307 2847 1562 2928 pervertuntur.

1237 3007 1272 3106 ς.
1313 3005 1369 3078 10.

429 3151 519 3217 Bene
545 3140 718 3225 intellexi,
752 3141 794 3211 ab
822 3137 890 3210 hac
915 3138 1164 3236 theologorum
1196 3159 1306 3212 aetate
1339 3139 1429 3212 nihil
1461 3140 1674 3241 sperandum
1706 3164 1789 3213 esse.
1842 3138 2038 3232 Quomodo
2063 3141 2175 3224 enim,
2209 3143 2276 3239 qui
2305 3145 2347 3214 in

330 3265 470 3339 salebris
503 3263 607 3336 huius
633 3259 864 3360 generationis
889 3259 1018 3332 criticis
1042 3259 1216 3348 incanuit,
1251 3261 1296 3334 ad
1328 3262 1598 3334 adolescentiam
1629 3281 1821 3334 revertatur
1849 3280 1885 3332 et
1913 3262 2108 3336 multorum
2139 3263 2347 3339 lustrorum

329 3413 473 3488 magnos
498 3411 633 3459 errores
658 3383 836 3456 dediscat?
860 3381 914 3454 ad
941 3387 1011 3455 Vos
1035 3381 1141 3480 igitur
1164 3409 1221 3455 me
1246 3404 1432 3470 converto,
1457 3383 1578 3456 dulces
1599 3383 1760 3470 iuvenes,
1786 3381 1849 3480 qui
1865 3382 2028 3454 nondum
2051 3385 2166 3484 pravis
2192 3386 2348 3484 opinio-

327 3513 429 3585 nibus
462 3509 544 3584 estis
575 3506 700 3579 imbuti
707 3537 718 3597 ;
754 3505 922 3592 aVobis,
958 3523 1145 3604 exspecto,
1181 3525 1222 3576 ut
1252 3505 1441 3605 aliquando
1475 3504 1526 3578 rei
1557 3505 1706 3578 criticae
1730 3523 1963 3576 succurratur.
2013 3505 2129 3596 Quare
2156 3507 2267 3580 Vobis
2303 3511 2347 3582 in

328 3658 449 3706 manns
475 3606 576 3703 trado
599 3630 747 3713 librum,
772 3653 882 3726 parvo
901 3627 1076 3711 venalem,
1103 3625 1202 3698 cuius
1218 3626 1406 3728 multiplici
1424 3653 1491 3698 usu
1511 3625 1776 3698 familiaritatem
1801 3623 1978 3725 quandam
2003 3653 2086 3700 cum
2111 3653 2148 3699 re
2172 3648 2347 3706 veterum

327 3753 467 3826 tibraria
496 3749 704 3824 contrahere
734 3747 885 3848 possitis.
936 3751 1052 3845 Atque
1085 3772 1190 3847 spero
1220 3748 1386 3846 quidem,
1419 3749 1590 3844 ingenuos
1621 3747 1725 3820 huius
1751 3750 1825 3823 aevi
1851 3754 2008 3826 eruditos
2031 3753 2104 3826 hoc
2129 3754 2345 3854 exemplum

328 3901 400 3948 esse
426 3892 626 3957 secuturos,
651 3871 700 3941 ita
720 3869 866 3966 quidem
890 3890 930 3941 ut
954 3888 1036 3968 post
1060 3892 1193 3968 paucos
1218 3897 1327 3944 annos
1350 3868 1683 3970 pretiosissimorum
1715 3871 1928 3970 antiquitatis
1957 3873 2122 3950 codicum
2146 3877 2184 3948 in
2209 3878 2346 3952 vestris

325 3995 503 4082 manibus,
530 3993 664 4067 vividae
691 3991 790 4090 quasi
814 3990 980 4089 imagines
1003 4009 1195 4064 versentur.

1257 4171 1291 4270 §-
1333 4171 1388 4242 ιι.

421 4293 561 4404 Quodsi
585 4305 672 4378 mihi
698 4307 883 4405 contigerit
908 4333 980 4380 esse
1007 4325 1077 4380 tam
1102 4305 1214 4390 felici,
1238 4326 1279 4378 ut
1302 4305 1408 4380 huius
1423 4307 1498 4381 voti
1517 4333 1665 4410 compos
1685 4309 1786 4399 fiam,
1812 4311 1882 4384 iam
1899 4311 2002 4386 etiam
2018 4317 2057 4384 N.
2074 4313 2115 4384 T.
2134 4311 2345 4388 editionem

322 4451 451 4532 potero
476 4457 631 4530 sperare,
656 4430 694 4502 in
720 4457 789 4528 qna
813 4455 849 4501 re
871 4455 951 4503 vera
970 4427 1057 4502 fides
1075 4429 1270 4504 Christiana
1289 4449 1408 4530 potest
1424 4429 1572 4502 fundari.
1626 4431 1681 4504 Sic
1701 4433 1796 4505 enim
1815 4433 2061 4506 tantummodo
2082 4432 2159 4505 ficri
2176 4435 2343 4533 poterit,

322 4573 362 4624 ut
387 4551 489 4622 multi
513 4550 694 4624 veritatem
719 4572 903 4651 apparatus
928 4551 1041 4624 critici
1064 4553 1202 4652 possint
1226 4552 1421 4626 examinare
1428 4583 1440 4644 5
1466 4551 1516 4623 sic
1541 4551 1616 4624 steri
1641 4555 1790 4654 poterit,
1816 4576 1856 4627 ut
1880 4555 2112 4656 lexigraphia,
2137 4575 2178 4626 ut
2202 4560 2344 4630 Gram-

320 4673 447 4749 matica
471 4673 560 4748 Novi
584 4673 797 4745 Testamenti
821 4671 1088 4746 fiandamentum
1111 4675 1347 4763 nanciscatur,
1382 4699 1455 4773 quo
1479 4676 1672 4774 superstrui
1703 4675 1816 4776 possit
1823 4705 1834 4766 3
1868 4675 1919 4748 sic
1944 4676 2005 4747 fiet
2030 4675 2171 4746 tandem
2197 4672 2341 4764 etiam,

320 4816 360 4868 ut
385 4793 499 4870 aditus
525 4793 569 4864 ad
596 4796 697 4866 L'tx
720 4793 918 4868 versionem
941 4815 1098 4896 paretur,
1124 4795 1224 4868 cuius
1249 4815 1434 4870 contextus
1459 4821 1619 4870 errorum
1644 4817 1680 4869 et
1704 4797 1871 4869 vitiorum
1895 4795 1980 4868 silva
2003 4795 2136 4870 horret.
2187 4798 2343 4890 Quodsi

319 4937 437 4998 antem
460 4913 718 5022 reputaveritis,
743 4943 814 5016 qua
838 4915 972 4990 ratione
998 4917 1085 4990 fides
1109 4917 1380 4992 Protesttntium
1405 4935 1441 4992 et
1464 4917 1565 4994 litera
1585 4916 1775 4992 bibliorum
1793 4917 2056 5012 contineantur:
2082 4915 2153 4992 ἰιιιιι
2177 4917 2342 5016 dignum

318 5037 417 5113 vobis
443 5061 533 5137 opus
558 5035 752 5126 videbitur,
776 5039 814 5112 in
839 5064 912 5137 quo
938 5038 1132 5113 elaboretis.
1160 5141 1165 5154 ι
