4764 6076
498 525 559 590 DE
583 523 770 592 conlcls
790 525 966 592 PA'l'lilA
988 527 1050 590 ΕΤ
1072 525 1281 590 AETATE.
1323 525 1427 592 CAP.
1448 527 1528 592 vlt.
1899 535 2021 600 XLIX

12 699 149 772 uncinis
166 703 332 776 munitur.
391 707 469 776 Hoc
485 703 581 776 idem
597 702 641 776 de
657 703 754 778 delta
766 704 868 778 valet.
906 695 1103 804 ¹Nusquam
1118 703 1413 805 interpunctionis
1427 702 1558 776 iudicia
1574 705 1812 782 observantur.
1863 715 2021 812 Namque
2074 741 2080 750 ¹

12 825 181 918 punctulo
203 829 306 902 verba
327 845 464 936 tantum
491 827 671 900 dirimunt.
718 831 782 900 Est
803 826 1028 902 autemdiber
1046 845 1167 900 noster
1186 852 1229 898 ex
1250 825 1342 900 libro
1365 827 1527 914 haustus,
1554 828 1654 902 cuius
1679 829 1826 932 scriptio
1853 834 2021 908 continua

12 943 133 1032 drerit,
158 973 299 1022 neeesse
319 969 382 1024 est
435 955 529 1024 llaec
547 949 708 1025 universa
727 949 765 1022 id
794 951 999 1037 elieeenmt,
1034 969 1075 1022 ut
1094 973 1216 1022 omnes
1239 949 1306 1023 viri
1331 949 1446 1034 docti,
1483 949 1545 1048 qui
1572 951 1628 1022 vel
1651 951 1696 1023 de
1719 953 1945 1026 Boemeriani
1963 959 2026 1030 trelw

12 1066 54 1138 le
74 1068 187 1142 nostri
209 1067 344 1148 codicis
371 1091 482 1146 aetate
504 1071 621 1144 adbuc
650 1072 910 1160 iudicaverunt,
944 1097 1043 1146 nono
1072 1098 1154 1144 eum
1175 1072 1316 1146 saeculo
1344 1071 1602 1174 adscripseririt
1650 1071 1718 1146 Sed
1754 1073 1859 1148 etiarn
1892 1077 2021 1150 certius

12 1211 253 1287 argumentum
281 1192 319 1265 id
350 1214 474 1278 exstat,
512 1194 611 1292 quod
640 1196 859 1298 psalmorum
887 1194 1022 1282 codex,
1057 1193 1194 1268 Sedulii
1221 1194 1366 1268 nomine
1394 1195 1628 1296 subscriptus,
1661 1197 1736 1298 ipsa
1763 1197 2022 1298 subscriptione

12 1311 51 1382 td
73 1312 216 1388 initium
235 1311 365 1388 mectrli
380 1317 467 1390 noni
483 1317 654 1416 pertinet,
679 1317 741 1417 qui
758 1338 873 1390 tamen
889 1319 1069 1393 literarum
1084 1323 1298 1391 Graecarum
1315 1317 1438 1391 babitu
1454 1318 1660 1417 neutiquam
1680 1319 1880 1392 remotioris
1900 1321 2021 1393 aetatis

12 1435 140 1508 indicia
166 1463 252 1538 prae
277 1465 314 1512 se
339 1441 416 1514 fert.
1311 1445 1314 1453 ’

936 1617 970 1717 ς.
999 1618 1082 1692 121.

107 1779 216 1874 Quod
246 1779 356 1853 modo
382 1777 426 1852 de
453 1779 596 1852 Graecis
617 1780 784 1867 diximus,
816 1781 920 1852 etiam
939 1781 984 1852 de
1006 1778 1137 1853 Latinis
1156 1778 1257 1852 valet.
1307 1783 1468 1880 Excepto
1490 1778 1608 1879 primo
1630 1779 1879 1878 quaternione,
1908 1804 2019 1879 quem

12 1901 52 1971 rd
80 1901 210 1974 saeculi
236 1901 366 1976 decimi
397 1897 537 1974 initium
565 1905 692 1976 referre
720 1905 854 2004 placet.
893 1902 1012 1977 omnia
1037 1927 1174 1975 nonum
1201 1901 1379 1974 saeculum
1409 1901 1516 1974 olent.
1578 1902 1686 1998 Quod
1714 1901 1751 1973 in
1774 1901 1917 2000 singulis
1945 1929 2020 1976 non

12 2051 129 2096 sumus
157 2023 357 2126 probaturi,
394 2047 505 2122 quum
530 2026 773 2128 exemplorum
799 2026 941 2102 collatio
970 2045 1089 2126 aperte
1112 2025 1247 2098 doceat.

934 2208 969 2308 ς.
1008 2203 1090 2275 122.

104 2365 244 2457 Quodsi
265 2365 356 2438 haec
383 2367 465 2439 cum
490 2367 532 2439 iis
556 2366 818 2468 composueris,
867 2389 956 2463 quae
989 2364 1101 2438 modo
1128 2363 1173 2434 de
1203 2363 1325 2432 abbate
1352 2363 1537 2433 liartnmto
1568 2361 1785 2434 coniecimus
1812 2361 1908 2431 -si
1935 2381 2048 2432 con-'

12 2507 139 2558 ectura
168 2487 383 2561 nominanda
418 2509 487 2578 est,
528 2516 633 2588 quam
662 2487 843 2562 veritatem
868 2509 1024 2588 apertam
1047 2513 1112 2586 ego
1138 2483 1287 2558 dixerim
1302 2526 1354 2542 -
1367 2483 1427 2556 vix
1449 2482 1662 2580 antiquitatis
1689 2483 1819 2554 librum
1848 2481 2020 2580 reperies,

12 2609 88 2706 qui,
125 2609 256 2684 scribae
276 2612 420 2684 nomine
444 2613 647 2699 destitutus,
686 2631 758 2684 tam
781 2611 884 2683 certis
904 2607 1124 2709 temporibus
1153 2605 1317 2706 assignari
1342 2605 1465 2705 possit.
1515 2605 1551 2676 Si
1574 2604 1800 2704 opposueris,
1829 2627 1904 2676 non
1928 2605 2018 2674 bene

12 2729 199 2828 quadrare,
243 2734 359 2832 quod,
394 2763 504 2833 quum
532 2735 651 2836 plures
671 2733 803 2808 scribae
830 2733 972 2815 luerint,
1016 2749 1133 2802 tamen
1158 2727 1262 2799 unius
1283 2727 1428 2799 nomine
1455 2727 1630 2798 Hartmoti
1659 2723 1911 2809 subscribatur,
1946 2747 2021 2795 non

12 2881 152 2952 possum
182 2858 269 2954 quin
296 2856 451 2946 doleam,
481 2857 579 2956 quod
606 2876 641 2930 te
669 2857 794 2955 digiae,
839 2855 901 2930 illo
924 2876 1084 2955 tempore
1109 2850 1262 2924 dominis
1285 2848 1434 2922 adscribi
1454 2847 1598 2921 solitum
1620 2845 1744 2933 fuisse,
1776 2843 1873 2941 quod
1899 2842 2018 2914 famuli

12 2977 141 3049 servire
166 2981 395 3078 perfecerant.
448 2979 537 3075 Quis
565 2978 659 3052 eninr
683 3005 839 3078 unquam
863 2977 928 3051 sibi
948 2974 1173 3080 persuaserit,
1205 2977 1430 3045 Hartmotum
1463 2969 1579 3072 ampla
1606 2969 1664 3042 illa
1690 2965 1810 3040 omnia
1840 2963 2020 3037 volumina

13 3127 68 3170 sua
101 3127 207 3173 manu
242 3127 413 3188 exarasse,
455 3129 544 3201 quae
578 3103 616 3174 in
655 3101 827 3178 Goldastr'
858 3101 918 3174 lib.
945 3101 1003 3172 cit.
1036 3123 1113 3199 pag.
1141 3095 1207 3182 29,
1244 3097 1306 3183 30,
1342 3097 1407 3180 31,
1438 3093 1517 3179 32,
1552 3093 1591 3164 in
1623 3089 1755 3166 Partus·
1780 3084 2018 3159 monumentis

13 3249 87 3320 pag.
118 3225 183 3310 70,
220 3223 279 3295 72.
313 3246 549 3298 recensentur.
599 3225 680 3299 Scio
706 3223 872 3323 equidem
897 3222 1007 3324 ipsius
1026 3218 1160 3293 codicis
1188 3215 1302 3291 nostri
1321 3215 1484 3316 exemplo
1514 3215 1659 3300 doctus,
1700 3212 1805 3284 huius
1828 3205 2021 3282 voluminis
2097 3199 2107 3215 '

13 3343 137 3417 tibrum
155 3345 213 3417 vix
231 3345 340 3447 pleno
361 3374 453 3421 anno
475 3347 614 3420 assiduo
637 3348 755 3420 labore
777 3345 883 3446 periti
908 3344 1039 3418 scribae
1064 3340 1188 3441 perfici
1209 3339 1376 3439 potuisse.
1430 3337 1526 3432 Quid
1551 3337 1666 3410 dicam
1688 3335 1732 3406 de
1753 3330 1871 3406 multis
1893 3327 2020 3399 biblio-

14 3467 129 3539 sshecae
169 3469 395 3568 sangallensis
430 3470 686 3555 voluminibus,
733 3471 775 3539 ab
824 3493 898 3540 uno
937 3471 1123 3537 Hartmoto
1162 3459 1324 3560 patratis,
1361 3459 1460 3530 cuius
1494 3479 1613 3529 tamen
1646 3479 1750 3527 curae
1782 3471 1854 3523 tota
1885 3446 2043 3520 abbatia

14 3591 216 3662 :oncredita
242 3613 331 3678 erat,
372 3592 504 3690 quique
537 3592 575 3664 in
601 3590 669 3692 piis
695 3590 839 3691 insuper
860 3585 1032 3661 exercitiis
1052 3582 1267 3686 desudabat?

935 3790 968 3890 ς.
999 3788 1080 3860 tas.

104 3962 153 4027 Ne
178 3977 295 4028 tamen
318 3956 401 4030 istae
425 3976 504 4028 tuae
529 3982 632 4029 curae
655 3955 759 4026 nimis
782 3975 815 4028 te
838 3972 1015 4056 premant,
1047 3947 1259 4021 medicinam
1277 3943 1340 4016 tibi
1358 3939 1476 4044 paravi
1493 3923 1802 4039 sympatlteticam,
1829 3945 1918 4000 nam‘
1932 3923 2016 3998 solis

16 4078 120 4148 serbis
148 4063 305 4149 constat:
343 4077 581 4177 Ildepbonsus
604 4081 651 4152 ab
675 4079 757 4152 Arx
778 4075 821 4148 ad
843 4075 1017 4176 Rotpertr'
1030 4073 1134 4145 verba
1165 4068 1364 4152 „librorum
1387 4065 1492 4136 etiam
1518 4086 1592 4132 non
1615 4083 1758 4159 parvam
1789 4051 1934 4183 copiam·
1953 4049 2018 4118 sub

16 4198 135 4270 todem
167 4203 288 4272 abbate
316 4205 519 4275 Hartmotus
548 4200 768 4303 composuit,
808 4225 962 4297 quorum
986 4193 1130 4268 nomina
1153 4189 1241 4262 haec
1267 4213 1339 4261 esse
1367 4185 1484 4259 scias“
1510 4183 1599 4254 haec
1623 4173 1818 4252 adnotavit:
1857 4166 2018 4240 Iudicem

16 4326 279 4419 subsequentem
305 4329 491 4422 Ratpertus
521 4350 563 4396 ex
591 4324 715 4398 codice
737 4321 977 4420 manuscripto
1001 4343 1037 4389 n.
1064 4315 1133 4387 267
1157 4331 1334 4418 mutuatus
1358 4329 1425 4390 est,
1470 4305 1531 4377 ubi
1555 4304 1652 4375 hunc
1678 4294 1820 4430 titulum
1845 4287 2014 4420 praefert:

17 4450 78 4517 ios
111 4442 220 4517 libros
245 4445 395 4545 patravit
428 4445 636 4520 Grimoldus
662 4448 750 4518 abba
775 4445 814 4515 in
844 4440 1057 4516 monasterio
1084 4443 1117 4510 S.
1139 4435 1234 4508 Galli
1256 4433 1293 4504 in
1320 4432 1442 4503 diebus
1470 4421 1673 4500 illudowici
1705 4439 1794 4514 regu
1826 4415 2015 4482 Germame

17 4593 88 4636 :um
114 4565 292 4639 adiutorio
318 4568 503 4640 Hartmodi
525 4567 719 4669 praepositi
747 4567 802 4638 sui
830 4591 895 4665 per
923 4587 1033 4634 annos
1062 4562 1108 4630 50
1133 4579 1169 4630 et
1195 4581 1317 4628 uuum.
1380 4554 1431 4624 Cf.
1465 4547 1578 4623 Perta.
1603 4563 1760 4617 monum.
1781 4535 1805 4606 l.
1827 4559 1858 4602 c.
1896 4554 1933 4627 p.
1956 4529 2016 4598 70·

17 4709 82 4765 rot.
108 4687 167 4760 65.
218 4688 320 4760 Idem
344 4687 582 4790 Ildephonsus
604 4689 646 4762 ad
667 4686 826 4788 Ratperti
846 4685 950 4758 verba
977 4679 1180 4770 „librorum
1208 4703 1351 4777 quoque
1376 4701 1466 4774 quos
1491 4672 1551 4744 ille
1583 4662 1819 4797 (Hartmotus)
1844 4653 1891 4725 ad
1918 4675 2017 4790 qom-

18 4835 151 4880 nunem
183 4810 386 4882 monasterii
412 4811 599 4885 utilitatem
627 4836 692 4884 suo
722 4830 882 4908 tempore
908 4802 1074 4906 patravit,
1118 4800 1206 4873 haec
1233 4819 1316 4872 sunt
1337 4797 1511 4870 nomina“
1535 4791 1623 4865 haec
1650 4801 1806 4859 monuit:
1858 4774 2017 4848 lndrcem

18 4935 277 5028 subsequentem
306 4938 492 5031 liutpertus
511 4962 554 5014 ex
584 4933 711 5008 eodem
740 4927 865 5002 codice
890 4953 926 4998 u.
952 4926 1020 4997 267
1045 4921 1247 5022 descripsit,
1285 4920 1416 4994 omisso
1449 4915 1572 5000 titulo,
1606 4908 1669 5009 qui
1692 4906 1743 4976 sic
1766 4901 1897 5039 babet:
1943 4897 2017 4963 Hos

19 5080 91 5126 tero
120 5053 229 5127 libros
253 5054 350 5127 idem
376 5059 579 5128 Hartmotus
606 5071 690 5156 post
711 5047 939 5124 Grimoldum
964 5049 1051 5118 abba
1075 5044 1286 5118 constitutus
1307 5043 1372 5114 snb
1395 5035 1608 5114 illudowico
1635 5024 1837 5130 supradicto
1872 5040 1952 5113 rege
1982 5032 2018 5084 et

19 5177 81 5248 ilio
111 5175 185 5249 eius
210 5177 343 5252 Karolo
367 5177 580 5279 imperatore
606 5176 645 5247 in
671 5174 794 5248 diebus
818 5168 995 5271 regiminis
1023 5166 1077 5239 sui
1094 5165 1204 5271 secr't
1231 5163 1462 5238 conscribi.

127 5319 216 5378 uua·
237 5317 293 5366 aa
310 5317 414 5378 aaa.
1483 5289 1498 5344 ⁷
