4764 6076
363 471 393 532 r.
536 537 539 543 ,
643 509 677 566 ,.
1186 457 1550 524 raonnoounau

460 606 541 716 Alio
574 641 718 712 fortasse
752 659 914 737 tempore
947 636 991 707 de
1025 635 1123 707 omni
1154 635 1249 735 apud
1282 636 1390 710 medii
1423 634 1498 708 aevi
1532 635 1725 710 monachos
1755 634 1896 708 codices
1926 633 2089 708 exarandi
2116 633 2365 712 consuetudini

361 790 512 862 usuque·
526 762 629 862 plu'ra
654 763 841 862 exponam.
895 763 972 831 Hoc
995 757 1078 830 loco
1104 757 1381 841 unum-addam,
1408 758 1662 832 coenobiorum
1679 759 1891 859 praefectos,
1918 757 2137 880 omninoque
2154 756 2286 832 aetatis
2302 782 2366 854 pro

361 883 526 958 rectioris
559 904 594 954 et
627 881 834 956 eruditionis
866 879 1076 979 conspicuae
1107 879 1269 952 homines
1303 881 1474 953 rarissime
1507 878 1578 952 suis
1603 879 1761 954 manibus
1785 879 1893 952 libros
1918 903 2091 968 emrasse,
2126 881 2187 954 rel
2212 905 2302 952 suos
2327 881 2366 950 ul

362 1005 529 1088 aliorum,
568 1003 629 1075 sed
662 1003 829 1076 dictando
858 1002 1045 1103 patravisse
1061 1000 1108 1101 ³3).
1166 1001 1300 1074 Scribas
1326 1003 1441 1103 reperi
1465 1002 1652 1076 serioribus
1676 1001 1895 1102 temporibus
1919 1001 2050 1101 ubique
2076 1003 2119 1075 ad
2146 1004 2226 1077 hoc
2255 1027 2366 1074 munus

265 1191 266 1196 ,
338 1143 342 1154 ⁴
362 1126 540 1200 institutos
564 1124 728 1198 homines
735 1157 746 1216 ;
771 1126 886 1198 Caroli
910 1123 1027 1222 magni
1052 1144 1088 1196 et
1113 1149 1201 1222 quae
1227 1124 1387 1223 proxime
1413 1127 1646 1223 sequebantur
1670 1124 1887 1223 temporibus
1911 1124 2120 1224 plerrunqu'e
2146 1123 2261 1224 pueri
2286 1121 2366 1192 adnl-

362 1245 470 1319 tiores
495 1246 631 1318 inistis
657 1247 820 1345 operibus
846 1247 1077 1318 elaborabant.
1140 1244 1247 1338 Quod
1274 1243 1351 1317 fieri
1376 1271 1437 1317 rex
1460 1245 1535 1347 ipse
1561 1245 1685 1319 noluit.
1736 1247 1786 1318 Cs.
1818 1243 2051 1320 Thomussr'rrr'
2071 1246 2094 1319 l.
2122 1271 2153 1320 c.
2181 1271 2269 1345 pag.
2297 1245 2357 1332 aot

362 1365 550 1440 Laureolus
575 1368 621 1439 de
645 1368 769 1441 scholl.
793 1390 862 1446 etc.
888 1394 964 1468 pag.
992 1368 1030 1453 8,
1056 1365 1091 1439 9.

1293 1546 1327 1644 §.
1359 1546 1440 1637 124.

469 1689 605 1768 Restat,
632 1701 672 1754 ut
696 1680 741 1754 de
768 1680 978 1752 carminibus
1004 1681 1143 1780 loquar,
1169 1683 1207 1754 in
1232 1681 1365 1755 codicis
1391 1681 1485 1756 calce
1511 1682 1709 1765 collocatis,
1735 1708 1778 1755 ex
1794 1681 1920 1781 quibus
1939 1678 2090 1752 rationes
2107 1678 2282 1752 adversae
2299 1678 2364 1748 duri

361 1829 464 1902 posse
491 1802 683 1876 rideantur.
733 1806 785 1874 Ac
802 1802 957 1901 primum
974 1801 1118 1898 quidem
1133 1804 1190 1876 rel
1206 1829 1335 1876 coecus
1348 1803 1461 1892 videt,
1494 1807 1536 1876 ab
1553 1804 1619 1876 alia
1635 1829 1741 1910 manu
1758 1822 1909 1900 quatuor
1924 1802 2060 1903 priores
2077 1827 2200 1875 versus
2220 1821 2364 1872 exarata

364 1949 454 2010 esse,
497 1927 540 1994 ab
573 1923 639 1995 alia
671 1923 873 1997 octodecim
905 1924 1130 2023 posteriores.
1178 1926 1245 1997 Sed
1280 1947 1315 2000 et
1347 1947 1551 2026 argumento
1578 1926 1848 2026 distinguuntur.
1900 1927 2062 2018 Quntuor
2086 1925 2228 2025 priores
2257 1949 2362 1994 versu

361 2047 404 2115 ab
429 2044 558 2118 eodem
581 2043 727 2118 homine
754 2046 876 2146 scripti
900 2068 999 2134 sunt,
1026 2047 1088 2144 qui
1112 2054 1282 2120 loannem
1306 2049 1434 2137 finivit,
1461 2050 1524 2148 qui
1549 2070 1619 2122 tam
1644 2049 1710 2122 hos
1735 2027 1854 2120 iersus
1879 2033 1985 2146 quarn
2010 2047 2146 2144 reliqua
2162 2073 2262 2144 quae
2279 2071 2365 2145 prae

362 2163 509 2250 cedunt,
548 2165 640 2238 inter
673 2166 879 2240 dictandum
911 2169 1044 2242 calamo
1078 2171 1253 2270 excepisse
1286 2171 1434 2244 videtur.
1492 2161 1584 2244 Ludi
1609 2170 1770 2269 magister
1794 2195 1912 2242 versus
1937 2170 2033 2268 ipsos
2058 2169 2260 2269 pepigerit,
2308 2195 2363 2238 non

336 2309 487 2384 'parum
512 2313 573 2360 sua
598 2289 736 2384 linguae
762 2295 915 2362 Graecae
941 2290 1066 2364 notitia
1090 2292 1251 2390 glorians.

1295 2499 1328 2602 ς.
1357 2495 1438 2569 125.

459 2625 563 2697 Plane
589 2627 676 2698 alius
702 2629 837 2726 generis
863 2655 1003 2704 carmen
1028 2632 1202 2731 posterius
1228 2653 1292 2712 est
1343 2635 1488 2706 Animus
1513 2633 1711 2732 scriptoris,
1737 2659 1756 2704 a
1780 2631 1929 2704 vanitate
1956 2630 2084 2701 artium
2107 2627 2216 2700 huius
2247 2629 2363 2700 sacculi

362 2768 517 2820 remotus
550 2748 742 2848 pietatique
778 2751 932 2839 deditus,
947 2825 959 2854 Ι,
979 2775 1118 2828 aeterna
1157 2754 1362 2842 meditatur,
1404 2775 1438 2828 et
1462 2758 1561 2827 beata
1594 2759 1673 2825 Iesu
1699 2751 1828 2824 Christi
1853 2750 2040 2826 consortia.
2105 2751 2140 2822 Si
2167 2751 2363 2823 coniectura

360 2869 413 2940 uti
438 2869 536 2955 licet,
562 2896 623 2941 sua
647 2877 849 2949 Hartmotus
874 2879 976 2946 abbas
1002 2902 1108 2948 manu
1133 2902 1273 2951 carmen
1296 2877 1472 2977 posterius
1497 2875 1667 2975 adpinxit,
1703 2875 1840 2974 reliquo
1865 2873 1956 2946 libro
1982 2897 2047 2973 per
2072 2871 2245 2945 coenobii
2273 2871 2364 2967 magi

361 3009 452 3061 stros
485 2989 654 3064 dictantes
688 3014 723 3065 et
755 2995 984 3070 scholasticos
1017 2999 1190 3075 absoluto.
1241 3004 1292 3070 Ita
1325 2999 1429 3070 etiam
1462 2997 1606 3070 varietas
1638 2997 1828 3099 scripturae
1854 2997 2032 3070 universae
2059 2995 2284 3095 explanatur.
2334 3000 2363 3064 In

277 3125 291 3148 ⁸
361 3111 478 3182 Sancti
509 3111 604 3184 enim
638 3113 731 3185 Galli
764 3117 940 3192 coenobio
972 3119 1041 3190 iam
1077 3121 1242 3196 Gorbertr‘
1266 3121 1498 3220 priorumque
1529 3123 1691 3192 abbatum
1726 3119 1941 3220 temporibus
1975 3120 2040 3216 (Cs.
2074 3118 2244 3216 liutpert.
2282 3117 2364 3216 apud

365 3231 529 3308 Goldasr.
556 3260 633 3335 pag.
653 3233 709 3309 25.
736 3238 877 3338 Ildeplr.
903 3242 949 3312 ab
974 3243 1065 3314 Arx.
1092 3243 1128 3312 in
1152 3241 1265 3315 Perta.
1291 3267 1449 3314 monum.
1467 3246 1586 3315 Germ.
1603 3241 1725 3315 histor.
1752 3243 1829 3315 Vol.
1848 3243 1881 3314 2.
1907 3267 1984 3341 pag.
2002 3243 2050 3334 1.)
2076 3239 2231 3312 multum
2247 3263 2364 3337 operar

361 3354 584 3454 multumque
611 3359 748 3435 sudoris
774 3363 931 3436 inlibris
957 3365 1165 3466 apparandis
1190 3364 1390 3466 impensum
1413 3366 1532 3438 firerat.

1291 3571 1325 3670 ς.
1357 3569 1438 3640 126.

459 3696 602 3767 Valebat
629 3697 690 3768 illa
716 3719 826 3771 aetate
852 3700 997 3798 scriptio
1024 3725 1119 3771 mere
1145 3703 1300 3787 scotica,
1328 3729 1416 3798 quae
1442 3703 1541 3774 litera
1565 3703 1706 3798 antiqua
1721 3729 1795 3776 non
1811 3729 1883 3776 uno
1899 3703 1981 3776 loco
1998 3702 2210 3776 nominatur.
2272 3701 2365 3772 Adul

361 3815 459 3888 tioris
485 3819 604 3890 aetatis
626 3820 793 3892 homines
819 3848 931 3894 novos
965 3821 1145 3894 literarum
1171 3823 1298 3895 ductus
1322 3823 1416 3895 haud
1452 3824 1550 3896 facile
1576 3824 1770 3898 addiscunt.
1822 3833 1943 3922 ltaque
1969 3824 2072 3898 etiam
2096 3842 2180 3922 post
2205 3821 2364 3892 emenda

360 3957 430 4008 tam
455 3939 571 4022 Caroli
598 3943 713 4040 magni
739 3943 868 4015 studiis
894 3943 1068 4016 scribendi
1094 3966 1217 4032 artem,
1244 3923 1486 4020 deficientibus
1512 3947 1682 4044 magistris
1707 3948 1849 4045 antiqua
1873 3947 1961 4021 ratio
1987 3944 2209 4020 retinebatur.
2269 3943 2364 4036 Magi·

357 4059 432 4140 stri,
459 4083 630 4156 quantum
655 4065 837 4152 valebant,
864 4067 931 4164 ipsi
958 4067 1188 4141 emendabant
1214 4068 1407 4171 discipulos
1432 4093 1468 4143 et
1491 4071 1538 4144 ita
1563 4093 1644 4143 nata
1669 4091 1721 4142 est
1745 4097 1783 4142 ea
1809 4069 1980 4170 scriptura
2005 4067 2143 4152 Latina,
2170 4093 2287 4162 quam
2313 4089 2364 4162 prr

356 4199 471 4252 totum
498 4205 659 4256 nostrum
683 4185 814 4258 librum
842 4187 1050 4286 reperimus,
1093 4193 1410 4292 Anglosaxouicum
1443 4194 1679 4266 characterem
1710 4191 1864 4265 dilucide
1898 4189 2108 4290 exprimens,
2153 4186 2217 4259 sed
2259 4211 2363 4258 tamen

362 4415 772 4440 Ἢ

403 4619 408 4626 -
440 4585 471 4656 ³³)
513 4583 587 4646 Non
615 4609 662 4650 rue
692 4589 778 4674 sugit
806 4595 895 4670 quod
921 4595 960 4654 ad
988 4591 1114 4672 singula
1136 4594 1281 4674 exempla
1300 4607 1497 4678 provocant,
1528 4595 1583 4679 qui
1605 4597 1799 4660 contrarium
1822 4604 1939 4662 docere
1960 4591 2103 4674 cupiunt.
2146 4591 2211 4652 Sed
2236 4591 2362 4653 frustra.

513 4677 600 4756 Quid
627 4681 707 4746 eninr
740 4685 848 4746 Haerere
875 4684 1006 4748 Alcuini
1034 4685 1199 4768 epistolam
1221 4689 1260 4752 38
1281 4687 1414 4761 excitat,
1445 4689 1532 4750 errius
1554 4688 1584 4751 in
1606 4689 1697 4754 libris
1718 4689 1934 4772 excrnplandis
1953 4685 2140 4749 industriam
2162 4689 2362 4749 commenda-

513 4780 601 4846 turus
633 4777 758 4840 verbis:
792 4783 930 4851 „desunt
962 4779 1037 4843 mihi
1064 4781 1277 4844 scholasticae
1299 4781 1486 4846 eruditionis
1512 4783 1628 4858 libelli,
1649 4807 1730 4869 quos
1752 4783 1847 4848 habui
1869 4784 1899 4846 iu
1922 4779 2025 4866 patria
2045 4801 2103 4862 per
2125 4781 2248 4842 bonam
2272 4780 2369 4862 magi*

511 4866 570 4928 stri
592 4866 651 4929 ruci
672 4867 873 4946 industriam,
902 4885 936 4936 ut
963 4875 1054 4938 etiam
1086 4875 1147 4938 mei
1174 4876 1427 4960 qualemcunque
1454 4879 1651 4941 sudorem:“
1691 4879 1793 4942 libros
1815 4899 1898 4961 quos
1925 4874 2047 4940 iuvenis
2078 4871 2250 4954 scripserit
2272 4873 2364 4956 signi·

512 4961 599 5024 licat.
644 4964 764 5050 Neruo,
787 4989 926 5048 quaeso,
952 4970 1077 5041 credat,
1099 4969 1153 5030 ubi
1177 4971 1307 5032 verbum
1328 4973 1446 5032 ecrr'bere
1466 4986 1652 5050 usurpatur,
1673 4976 1711 5035 «le
1732 4995 1825 5036 rrrauu
1845 4969 2020 5051 scriptione
2034 4971 2098 5032 boc
2112 4967 2363 5052 intelligendum.

443 5111 447 5120 .
511 5054 702 5135 Saepissime
723 5063 761 5124 de
781 5065 950 5142 pangendo
975 5061 1024 5124 vel
1047 5061 1197 5124 dictando
1219 5063 1400 5127 adhibetur.
1450 5067 1495 5127 lta
1517 5066 1699 5126 Elleborum
1721 5067 1791 5148 (ap.
1814 5067 1941 5128 Golduet.
1963 5085 1996 5146 p.
2020 5063 2088 5140 uu.)
2107 5065 2254 5124 scribendi
2273 5067 2365 5137 linars

508 5167 648 5227 ausuque
668 5155 805 5231 artificem
826 5169 997 5227 mentorem
1028 5165 1059 5218 et
1081 5156 1176 5218 mirlta
1198 5155 1324 5220 similia.
