4802 6062
336 315 388 380 Vl

339 487 482 587 Quanto
515 491 689 562 maiorem
725 487 922 586 theologiae
956 485 1168 559 Christianae
1203 505 1238 558 et
1270 511 1365 559 novo
1398 486 1558 586 inprimis
1597 485 1732 558 foederi
1765 487 1973 589 explicando
2013 515 2157 591 operam
2190 520 2326 587 navaret,

337 609 434 662 tanto
458 589 567 685 magis
593 585 762 659 candidus
787 586 896 685 ipsius
922 586 1074 672 animus,
1101 584 1138 655 in
1163 583 1293 657 Christi
1318 583 1510 658 reverentia
1535 583 1725 672 enutritus,
1751 610 1832 658 vera
1858 613 1930 659 esse
1957 615 2046 686 quae
2063 589 2112 660 ibi
2129 591 2328 669 traderentur

335 681 544 760 inveniebat.
596 691 674 755 Huc
700 685 843 756 accessit
869 682 971 754 amici
996 682 1157 755 doctrina
1182 702 1218 754 et
1241 681 1372 778 ingenii
1397 680 1538 754 dotibus
1563 682 1748 782 conspicui
1772 681 1842 755 iarn
1867 710 1925 756 sex
1951 685 2081 758 abhinc
2107 713 2215 763 annos
2237 693 2327 764 simili

336 787 467 857 morbo
501 781 636 882 abrepti
668 782 755 854 fides
789 803 823 853 et
857 781 1135 878 frequentissima
1167 779 1210 851 de
1244 778 1419 851 eiusmodi
1451 783 1553 850 rebus
1585 807 1666 850 curn
1700 781 1828 852 eodem
1858 783 2124 872 sermocinatio,
2164 809 2198 858 et
2230 789 2327 861 fratris

334 881 445 980 ipsius
475 908 602 982 parum
635 879 735 950 firma
768 879 943 953 valetudo.
995 878 1166 950 Memoria
1195 897 1298 948 teneo
1332 877 1476 949 solitum
1504 875 1622 976 ipsum
1652 877 1783 966 dicere,
1821 905 1887 952 nos
1918 882 2021 980 plane
2052 882 2152 955 aliter
2175 884 2219 956 de
2242 889 2327 958 omui

334 979 426 1051 vitae
454 979 588 1052 ratione
615 977 786 1075 cogitare,
821 976 850 1047 si
874 976 968 1048 baud
991 977 1122 1089 procul
1147 1003 1166 1047 a
1190 994 1305 1047 morte
1331 1001 1396 1047 nos
1422 977 1538 1046 abesse
1571 975 1769 1047 sentiamus.
1826 982 1940 1050 Erunt
1965 978 2108 1051 sortasse
2134 981 2196 1078 qui
2220 985 2326 1055 mortis

333 1097 433 1148 metu
466 1076 558 1147 banc
592 1075 665 1146 eius
725 1075 960 1146 ersuasionem
990 1095 1037 1145 ita
1071 1095 1183 1146 ortam
1216 1099 1288 1145 esse
1323 1073 1552 1172 suspicentur.
1612 1073 1746 1144 Vellent
1777 1093 1818 1144 ut
1852 1075 1890 1145 bi
1924 1075 1969 1148 de
2003 1097 2116 1149 morte
2150 1077 2326 1170 dicentem,

332 1194 373 1245 ut
407 1174 619 1246 morientem
653 1101 772 1244 videre
805 1171 1011 1272 potuissent.
1068 1175 1189 1264 Quum
1213 1170 1273 1241 hic
1300 1191 1388 1241 esset
1414 1171 1487 1241 eius
1514 1171 1620 1242 animi
1644 1191 1769 1257 status,
1806 1171 1894 1244 haec
1920 1172 2098 1261 doctrina,
2136 1175 2223 1248 haec
2245 1197 2328 1252 tanta

334 1269 467 1367 ingenii
493 1272 597 1352 acies,
635 1272 797 1368 profecto
830 1296 903 1340 non
938 1289 989 1341 est
1021 1269 1119 1366 quod
1153 1268 1288 1340 mireris
1317 1267 1569 1366 praelectiones
1603 1267 1695 1354 eius,
1734 1268 1828 1368 apud
1862 1271 2071 1344 Turicenses
2099 1273 2327 1372 potissimum,

332 1388 464 1438 tantam
489 1370 562 1442 vim
586 1366 746 1439 habuisse
772 1367 809 1436 in
834 1367 1022 1439 audientes.
1082 1373 1161 1466 lpse
1193 1367 1236 1438 de
1268 1365 1545 1464 praelectionum
1571 1393 1711 1436 suarum
1736 1387 1864 1438 eventu
1887 1394 2048 1454 securus,
2085 1370 2150 1441 Dei
2175 1391 2329 1468 tanquam

329 1465 605 1537 instrumentum
631 1490 666 1535 se
694 1465 831 1535 dicebat
856 1492 948 1552 esse,
973 1491 1040 1536 nec
1065 1491 1101 1536 se
1127 1465 1244 1564 ipsum
1270 1490 1369 1560 agere
1396 1463 1607 1560 quidquam,
1640 1465 1701 1535 sed
1728 1463 1782 1560 agi
1808 1465 2086 1561 quodammodo.
2138 1468 2327 1565 Aliquando

329 1561 514 1634 discedens
539 1566 581 1634 ab
607 1562 720 1636 amico
746 1562 789 1632 ad
815 1563 1068 1661 praelectiones
1095 1562 1138 1633 de
1163 1563 1259 1632 libris
1285 1560 1389 1632 sacris
1414 1561 1592 1632 habendas
1619 1568 1704 1648 „Ire
1730 1587 1785 1647 se,
1820 1561 1955 1659 inquit,
1990 1563 2028 1633 in
2060 1589 2185 1663 preces
2216 1585 2327 1640 suas.“

425 1665 476 1733 De
504 1659 642 1760 scriptis
667 1660 741 1730 eius
767 1661 999 1743 scholasticis,
1026 1660 1266 1758 philologieis,
1293 1658 1518 1754 theologicis,
1544 1686 1655 1755 quum
1679 1659 1717 1730 in
1741 1654 1866 1758 vulgus
1888 1681 1973 1732 nota
1995 1659 2083 1742 sint,
2109 1661 2226 1734 dicere
2246 1665 2328 1737 nihil

326 1758 461 1831 attinet.
526 1758 567 1828 ld
603 1778 738 1829 tantum
771 1757 946 1828 monitum
980 1758 1100 1842 velim,
1138 1784 1211 1830 non
1244 1758 1419 1829 minorem
1449 1781 1530 1827 eum
1562 1755 1700 1856 scriptis
1736 1757 1805 1827 suis
1838 1757 1911 1829 veri
1937 1783 2094 1830 amorem
2120 1780 2156 1830 et
2180 1761 2327 1836 humano

326 1857 445 1953 generi
470 1855 679 1929 consulendi
704 1853 860 1926 studium
885 1855 1103 1953 probavisse,
1144 1883 1249 1953 quarn
1282 1854 1351 1928 vita
1376 1874 1410 1924 et
1437 1853 1621 1950 diligenter
1646 1853 1885 1927 administrato
1909 1857 2153 1955 praeceptoris
2178 1885 2327 1932 munere.

324 1960 413 2024 Nam
447 1982 558 2051 quum
593 1953 820 2038 „Ecclesiam
844 1953 1019 2024 liberarn“
1055 1952 1234 2036 scriberet,
1275 1950 1411 2050 saepius
1445 1978 1527 2022 eum
1553 1950 1725 2022 calamum
1751 1951 1794 2022 de
1828 1979 1934 2022 manu
1967 1953 2145 2052 deponere
2180 1958 2327 2041 memini,

325 2052 408 2148 quia
431 2055 542 2150 probe
574 2050 801 2146 intelligeret,
849 2070 1018 2146 quantum
1042 2050 1290 2123 detrimentum
1311 2049 1378 2148 ipsi
1399 2070 1433 2121 et
1454 2048 1524 2120 suis
1550 2075 1590 2119 ex
1613 2049 1680 2119 hac
1706 2048 1896 2147 scriptione
1920 2049 2094 2124 oriturum
2120 2073 2227 2144 esset,
2269 2057 2328 2125 sed

325 2148 440 2220 victus
466 2149 609 2220 veritate
635 2147 672 2216 in
699 2146 884 2218 scribendo
909 2148 1071 2246 perrexit.
1139 2149 1302 2220 Criticam
1332 2147 1416 2218 novi
1449 2146 1647 2218 testamenti
1673 2146 1884 2235 editionem,
1929 2147 2188 2245 evangeliorum
2214 2178 2328 2249 exege-

331 2246 451 2327 ticam,
483 2255 590 2343 quain
615 2247 773 2343 parabat,
806 2245 904 2341 quod
931 2243 1098 2344 perlicere
1124 2273 1197 2318 non
1222 2245 1358 2347 potuit,
1386 2269 1596 2343 magnopere
1624 2243 1819 2315 dolendum
1846 2267 1906 2318 est.

424 2345 619 2415 Defunctus
647 2362 697 2412 est
721 2341 899 2438 trigesimo
925 2368 961 2412 se
989 2344 1074 2416 timo
1102 2343 1219 2415 aetatis
1247 2371 1338 2417 anno
1365 2342 1526 2432 nondum
1552 2343 1729 2428 absoluto,
1756 2361 1945 2452 postquam
1964 2343 2021 2414 vix
2046 2344 2188 2416 tertium
2206 2373 2330 2418 annum

283 2475 286 2480 ·
324 2439 463 2522 Turici,
507 2441 536 2510 si
569 2442 695 2512 morbo
721 2461 888 2524 vacasset,
929 2368 1165 2512 felicissimum
1190 2463 1409 2540 transegerat.
1477 2445 1563 2510 Nam
1588 2439 1833 2516 Turicensium
1859 2467 1938 2536 erga
1964 2466 2046 2512 eum
2071 2443 2199 2514 amoris
2224 2446 2331 2518 multa
2372 2503 2373 2518 .

325 2558 360 2609 et
393 2537 570 2636 praeclara
595 2556 824 2608 monumenta
851 2557 983 2624 extant,
1022 2539 1225 2637 praesertim
1258 2568 1339 2611 curn
1372 2539 1403 2609 ei
1436 2562 1510 2608 non
1535 2537 1653 2608 multis
1679 2557 1757 2607 ante
1783 2558 1935 2610 mortem
1961 2537 2084 2609 diebus
2110 2541 2163 2610 ius
2189 2541 2330 2618 civitatis
2372 2525 2373 2588 l

323 2635 481 2704 unanimi
505 2661 680 2706 consensu
703 2632 1054 2706 honorificentissime
1080 2638 1302 2708 contulerint.
1354 2643 1475 2748 Ipsum
1499 2634 1587 2706 adeo
1613 2636 1777 2705 morbum
1800 2655 1871 2706 tam
1893 2635 2031 2735 placide
2056 2639 2265 2735 perferebat,
2291 2661 2332 2710 ut

323 2757 464 2803 mecum
481 2731 729 2812 amantissime,
772 2752 812 2802 ut
834 2733 978 2814 solebat,
1012 2735 1236 2831 colloquens,
1266 2735 1357 2805 hanc
1373 2761 1484 2832 ipsam
1501 2759 1640 2802 causam
1656 2758 1728 2802 esse
1743 2731 1884 2815 dixerit,
1908 2760 1970 2804 cur
1985 2733 2093 2832 ipsius
2109 2760 2176 2834 pro
2192 2737 2331 2809 Christo

324 2829 566 2901 testimonium
592 2849 687 2899 tanto
713 2828 936 2924 pronioribus
961 2831 1100 2902 auribus
1122 2833 1316 2930 animisque
1334 2832 1564 2930 exciperetur.
1616 2833 1736 2922 Quum
1753 2828 1867 2928 pridie
1882 2851 1959 2902 ante
1975 2853 2127 2904 mortem
2143 2835 2334 2946 accepisset

323 2926 453 2999 instare
477 2946 617 3025 tempus
637 2925 732 3022 quod
758 2925 917 2997 criticum
935 2928 1064 2999 medici
1082 2951 1224 3018 vocant,
1251 2930 1428 3028 paulisper
1451 2931 1677 3000 conturbatus
1698 2926 1832 3022 rogavit
1850 2927 2022 2998 adstantes
2045 2956 2333 3028 consangauneos,

324 3045 365 3095 ut
389 3023 553 3122 precibus
580 3049 742 3094 somnum
769 3051 787 3093 a
812 3029 887 3097 Deo
914 3025 977 3096 sibi
1005 3048 1220 3126 expeterent,
1248 3030 1277 3099 si
1302 3053 1427 3098 somno
1454 3025 1635 3121 indulgere
1661 3044 1797 3136 posset,
1823 3024 1896 3096 vim
1920 3025 2034 3096 morbi
2059 3027 2231 3100 leniorem
2256 3032 2333 3101 fore

325 3146 479 3220 sperans.
534 3122 642 3193 Paulo
669 3121 777 3192 serius
803 3124 938 3219 rogavit
962 3151 1017 3195 me
1044 3146 1084 3196 ut
1108 3127 1222 3222 legere
1249 3125 1317 3224 ipsi
1342 3123 1468 3196 vellem
1494 3147 1634 3193 carmen
1659 3121 1748 3191 illud
1774 3122 1888 3194 solatii
1914 3141 1947 3193 et
1973 3123 2057 3193 fidei
2071 3125 2334 3223 plenissimum:

245 3271 248 3282 .
323 3273 345 3304 ‚,
359 3218 433 3292 W
428 3247 463 3290 er
481 3245 547 3290 nur
562 3217 627 3288 den
644 3218 750 3289 lichen
771 3219 857 3294 Gon
873 3220 961 3294 Ilissi
976 3222 1115 3295 Walters.
1128 3237 1148 3269 “
1199 3227 1281 3318 Quo
1300 3225 1391 3293 facto
1409 3221 1585 3320 paulisper
1602 3219 1833 3306 obdormivit,
1860 3241 2002 3292 noctem
2024 3249 2108 3294 vero
2126 3245 2336 3320 sequentem

322 3315 523 3387 insomnem
553 3316 725 3412 transegit.
794 3323 937 3391 Postero
972 3347 1073 3391 mane
1113 3321 1215 3393 tantis
1244 3319 1399 3432 pectoris
1437 3317 1618 3389 doloribus
1653 3316 1800 3387 cruciari
1837 3344 1872 3388 se
1909 3339 2050 3430 questus
2080 3341 2149 3406 est,
2193 3322 2337 3418 quantis

321 3439 505 3512 nunquam
542 3433 648 3484 antea.
700 3419 807 3488 Paulo
838 3439 937 3514 post,
976 3415 1102 3488 sedatis
1136 3419 1338 3504 doloribus,
1377 3442 1442 3515 per
1475 3415 1657 3486 dimidiam
1688 3415 1814 3486 horam
1843 3415 2001 3516 placidae
2036 3417 2146 3516 quieti
2174 3419 2336 3491 indulsit.

321 3514 415 3581 Tum
442 3511 699 3608 expergefactus
727 3537 759 3586 et
786 3515 899 3588 redire
927 3515 1068 3587 dolores
1095 3517 1215 3588 dicens
1241 3516 1390 3612 rogavit,
1433 3534 1473 3584 ut
1504 3514 1620 3613 ipsum
1653 3511 1813 3584 adiuvare
1846 3511 2031 3600 vellemus,
2075 3543 2147 3614 quo
2180 3517 2338 3589 inlatus

321 3611 528 3679 accumbere
561 3631 688 3706 posset.
742 3619 834 3684 Haec
866 3635 1044 3714 postrema
1078 3614 1151 3684 eius
1185 3641 1254 3687 vox
1287 3613 1360 3684 fuit.
1421 3617 1507 3682 Nam
1537 3638 1649 3707 quum
1682 3635 1717 3680 se
1761 3611 1990 3684 convertisset
2025 3615 2142 3684 statim
2180 3615 2338 3688 animam

322 3705 455 3778 efflavit.
508 3705 646 3777 Placide
674 3709 843 3805 quiescas,
871 3711 1044 3783 carissime
1071 3713 1193 3798 frater,
1220 3712 1391 3807 nobisque
1417 3709 1500 3806 ipsis
1526 3707 1567 3778 iis
1594 3709 1695 3777 rebus
1722 3733 1810 3803 quae
1837 3710 2069 3782 consolationi
2092 3737 2164 3783 esse
2182 3737 2340 3810 possunt

301 3828 393 3873 non
418 3801 569 3874 sinamus
604 3807 720 3902 augeri
753 3809 931 3896 dolorem,
974 3810 1047 3880 imo
1082 3829 1175 3906 grata
1208 3830 1325 3880 mente
1360 3807 1554 3878 recolamus
1587 3804 1771 3877 nobiscum
1805 3832 1924 3876 earum
1954 3834 2070 3878 rerum
2103 3810 2339 3896 memoriam,

320 3927 410 3997 quae
437 3901 516 3970 Tibi
550 3899 620 3973 hoc
654 3905 822 3993 trienni0,
865 3934 937 4004 quo
972 3907 1091 3976 Turici
1125 3908 1404 3990 commorabare‚
1449 3903 1528 3974 satis
1562 3929 1731 4001 prospere
1765 3926 1953 3982 cesserunt.
2021 3909 2136 3999 Quam
2167 3908 2343 3980 ardenter

319 4018 501 4096 optaveras
526 4020 608 4097 post
635 3999 824 4074 discessum
850 4031 892 4078 ex
919 4005 1117 4076 dulcissima
1168 4004 1264 4086 atria,
1292 4023 1430 4074 utnon
1459 4021 1556 4073 tanto
1581 4001 1694 4099 spatio
1721 3999 1886 4070 disiuncti
1912 4027 2080 4094 essemus,
2118 4032 2224 4103 quam
2252 4007 2342 4077 Tibi

316 4094 385 4194 ipsi
411 4095 601 4194 insperanti
627 4099 773 4186 accidit,
807 4103 905 4198 quod
931 4125 1078 4174 matrem
1104 4031 1328 4200 reliquosque
1355 4100 1630 4196 consanguineos
1656 4097 1764 4170 semel
1790 4097 1906 4170 adhue
1932 4099 2110 4200 adspicere
2136 4102 2216 4174 Tibi
2246 4119 2345 4176 c'on-

316 4218 454 4264 cessum
481 4213 585 4284 esset,
621 4223 727 4292 quam
753 4199 862 4269 multa
888 4201 967 4271 Tibi
991 4199 1145 4270 iucunda
1170 4221 1362 4272 evenerunt
1387 4226 1429 4270 ex
1455 4197 1650 4269 amicorum
1677 4195 1959 4270 dulcissimorum
1985 4200 2263 4284 cousuetudine,
2296 4231 2345 4275 ex

317 4289 574 4388 discipulorum
601 4313 635 4362 ει
661 4295 905 4368 Turicensium
939 4300 1075 4370 amore!
1129 4301 1235 4368 Grata
1268 4297 1372 4368 etiarn
1404 4316 1521 4368 mente
1548 4294 1772 4394 accipiamus,
1808 4296 1905 4392 quod
1928 4315 1999 4366 tam
2024 4297 2116 4367 sacili
2142 4320 2261 4370 morte
2295 4329 2345 4374 ex

315 4385 421 4457 huius
446 4387 535 4462 vitae
563 4394 737 4464 aerumnis
765 4395 928 4468 liberatus
956 4423 1009 4484 es,
1041 4416 1076 4467 et
1102 4396 1199 4492 quod
1226 4395 1343 4481 nohis,
1369 4393 1559 4466 valetudini
1584 4396 1679 4462 Tuae
1706 4391 1959 4480 adsidentibus,
1986 4393 2124 4494 pietatis
2150 4417 2186 4467 et
2212 4418 2348 4472 tener-

316 4483 397 4556 rimi
422 4485 548 4558 amoris
574 4489 642 4559 Tui
666 4512 845 4590 postrema
872 4493 1084 4568 documenta
1109 4491 1289 4566 includere
1316 4492 1490 4564 mentibus
1513 4489 1641 4563 nostris
1668 4490 1823 4588 contigit.
