4764 6076
509 409 672 472 CODEX
695 411 906 476 PLURIUM
928 409 1195 519 SCROEARUM
1217 411 1348 476 OPUS.
1391 411 1493 476 CAP.
1515 415 1576 478 lll.
1838 469 1840 472 -
1973 427 2043 510 XV
2114 395 2116 398 Ι

33 593 162 684 Quivis
187 591 282 664 enim
300 591 382 672 scit,
410 610 542 688 quanto
564 591 683 664 labore
711 592 749 662 in
774 589 1059 687 Cantabrigiensi‚
1098 617 1205 688 quam
1230 616 1305 662 non
1328 591 1441 664 multo
1464 591 1593 664 minori
1619 595 1723 666 etiam
1746 598 1782 666 in
1805 602 2040 677 Alexandrino

31 714 171 812 singula
186 715 266 788 loca
276 715 488 788 evolvantur.
523 712 632 804 Quod
649 712 678 782 si
695 712 732 782 in
750 712 905 812 capitum
922 733 957 783 et
969 739 1133 806 versuum
1148 713 1303 784 numeris
1316 714 1368 785 bis
1381 733 1475 787 terve
1492 736 1678 813 peccatum
1693 742 1766 788 esse
1783 746 1802 790 a
1817 719 2041 822 lithographo

31 835 338 920 animadverteris,
376 835 460 906 inde
491 836 535 906 de
564 835 747 908 emendata
777 855 890 906 textus
919 834 1123 908 conditione
1151 861 1195 907 ne
1224 835 1391 940 iudices„
1418 841 1575 934 Namque
1604 837 1708 936 longe
1744 840 1837 912 aliud
1873 863 1941 926 est,
1979 869 2044 942 per

30 956 173 1029 chartas
194 959 387 1057 pellucidas
411 958 570 1058 pingere,
596 958 700 1054 longe
725 958 841 1044 aliud,
866 957 974 1028 libera
999 983 1105 1028 manu
1128 958 1244 1053 aliqua
1268 957 1406 1028 addere.
1464 962 1596 1030 Tamen
1621 980 1655 1030 et
1678 959 1750 1032 hoc
1772 962 1951 1058 fugissem,
1977 965 2044 1036 nisi

27 1077 249 1178 lithographi
276 1079 473 1177 diligentiae
500 1080 601 1151 initio
627 1106 702 1150 rem
728 1079 964 1166 tradidissem,
992 1099 1026 1150 et
1051 1078 1323 1176 nisialiquoties
1348 1079 1386 1148 in
1413 1079 1562 1151 aliorum
1590 1080 1896 1182 lithograpborum
1922 1109 2043 1156 matius

28 1229 47 1271 a
79 1201 279 1274 redemtore
306 1229 387 1276 meo
414 1201 579 1279 traditum
607 1224 696 1274 esset
722 1203 894 1284 officium,
920 1201 1076 1301 capitum
1103 1223 1137 1272 et
1162 1227 1326 1276 versuum
1351 1227 1516 1273 numeros
1542 1199 1705 1276 addendi.

784 1498 1300 1530 ------—·-----

880 1769 911 1842 C
938 1773 977 1844 A
1004 1769 1049 1846 P.
1102 1771 1192 1847 III.

317 1971 581 2052 colam
614 1965 991 2050 multtum
1025 1972 1503 2052 somnulenta!
1538 1974 1758 2053 OPUS·

893 2213 1164 2228 m

969 2393 1001 2490 q.
1042 2395 1098 2464 aa.

129 2529 250 2618 Quum
276 2549 454 2600 externam
480 2529 560 2600 libri
585 2530 698 2602 nostri
717 2529 842 2600 faciem
859 2529 1151 2617 describeremus,
1177 2553 1289 2602 tntum
1310 2532 1387 2602 eius
1408 2531 1675 2627 quaternionem
1693 2551 1859 2628 tanquam
1878 2533 2040 2630 primitus

19 2679 41 2720 a
69 2651 163 2721 libro
189 2651 343 2722 alienum
368 2650 618 2747 insignivimus.
668 2659 742 2722 Iam
767 2652 810 2722 ad
838 2652 973 2748 reliqua
992 2653 1233 2742 accedendum
1253 2674 1314 2726 est.
1364 2658 1475 2724 Nemo
1496 2679 1637 2736 eorum,
1664 2651 1726 2748 qui
1745 2652 1905 2725 codicem
1924 2655 2041 2726 adhuc

19 2791 307 2858 commotarum,
335 2772 390 2844 vel
414 2773 625 2846 levissimam
650 2775 827 2848 variorum
852 2775 1043 2846 scribarum
1069 2775 1307 2875 suspicionem
1333 2776 1453 2850 movit.
1504 2775 1591 2846 Inde
1617 2774 1837 2871 intelligitur,
1868 2775 1897 2845 si
1922 2777 2040 2874 plures

17 2893 160 2964 scribae
186 2895 362 2964 statuendi
387 2895 473 2980 sint,
506 2896 578 2968 hoc
604 2922 679 2969 non
703 2897 782 2996 ipso
808 2897 926 2995 primo
952 2898 1082 2969 intuitu
1108 2898 1243 2994 detegi,
1278 2898 1338 2968 sed
1373 2897 1494 2970 altiore
1526 2898 1670 2968 demum
1694 2896 1855 2989 indagine
1883 2899 2037 2995 reperiri.

16 3022 147 3112 ltaque
176 3036 372 3088 accuratam
396 3015 502 3088 huius
529 3018 578 3088 rei
606 3018 888 3117 disquisitionem
914 3021 1016 3091 nobis
1041 3021 1264 3092 iniunximus.

971 3185 1003 3281 §-
1045 3186 1101 3252 aa.

124 3315 159 3384 Si
184 3315 312 3386 librum
338 3317 531 3414 percurris,
562 3343 628 3388 nec
654 3320 785 3389 formae
812 3319 1009 3404 literarum,
1040 3345 1107 3390 nec
1133 3339 1326 3391 atramento
1352 3321 1525 3404 intentus,
1559 3338 1674 3389 tamen
1699 3345 1776 3417 pag.
1804 3319 1862 3410 94.
1889 3323 1948 3391 lin.
1979 3323 2035 3411 14.
2086 3391 2089 3397 ,

15 3438 157 3507 haeres.
210 3443 367 3538 Namque
401 3439 439 3509 in
470 3437 584 3508 media
617 3439 684 3508 hac
717 3439 807 3509 linea
842 3420 1189 3514 librariussubstitit.
1239 3444 1372 3509 Tamen
1397 3439 1541 3536 paginae
1568 3439 1745 3533 sequentis·
1771 3443 1874 3509 verba
1898 3465 2038 3510 accura-

15 3559 155 3628 tissime
182 3558 224 3628 ad
252 3586 328 3658 pag.
356 3558 414 3650 94.
449 3563 554 3630 verba
579 3580 733 3630 extrema
759 3559 918 3657 adaptata
944 3581 1034 3630 sunt.
1087 3567 1208 3655 Itaque
1236 3587 1364 3656 quum,
1402 3586 1490 3655 quae
1514 3559 1642 3628 intacta
1670 3560 1788 3653 relicta
1815 3581 1867 3630 est
1891 3562 2035 3659 paginae

11 3709 121 3780 pars,
148 3681 247 3752 nullo
265 3683 351 3756 vitio
367 3685 533 3768 laboret„
548 3682 702 3754 dilucide
719 3701 833 3780 patet,
859 3680 1022 3780 paginam
1035 3679 1093 3753 95.
1112 3681 1280 3778 scriptam
1295 3681 1365 3752 iam
1382 3681 1502 3761 fuisse,
1524 3706 1635 3777 quum
1650 3680 1810 3784 librarius
1826 3682 1869 3752 ad
1886 3708 1963 3780 pag.
1975 3681 2033 3772 94.

12 3807 127 3874 verba
154 3823 212 3865 τον
231 3823 372 3868 κωνωπα
397 3805 605 3904 perveniret.
659 3805 760 3875 Nulla
793 3804 886 3874 enim
919 3829 1021 3874 causa
1047 3804 1236 3900 excogitari
1261 3825 1393 3903 potest,
1433 3807 1478 3875 ob
1506 3829 1611 3899 quam
1637 3805 1779 3875 alteram
1805 3805 1948 3904 paginae
1975 3806 2033 3896 94.

8 3947 160 4027 partem
176 3954 321 4001 vacuam
342 3927 540 4022 reliquerit,
568 3927 596 3996 si
617 3928 653 3996 in
671 3927 762 3998 libro
781 3947 903 3997 nostro
924 3925 1142 4024 perficiendo
1159 3950 1303 4024 pergere
1323 3926 1436 3996 vellet.
1489 3924 1651 4008 Accedit,
1679 3925 1776 4021 quod
1796 3927 2033 4022 quaternionis

9 4049 138 4146 quinti
164 4049 288 4118 solium
313 4068 476 4120 octavum
502 4049 659 4120 excisum
682 4070 747 4133 est,
784 4049 880 4144 quod
908 4068 979 4118 tam
1005 4072 1154 4118 numero
1183 4047 1387 4144 paginarum
1412 4090 1463 4102 —
1487 4073 1569 4115 nam
1598 4045 1737 4117 initium
1762 4047 1867 4118 huius
1895 4069 2034 4144 quater-

8 4173 138 4242 nionis
158 4197 234 4268 pag.
255 4171 312 4241 81.
335 4189 387 4240 est
413 4215 461 4227 -
487 4197 593 4267 quam
614 4169 801 4241 clarissime
823 4170 899 4242 solii
915 4169 1023 4268 ipsius
1042 4168 1216 4266 reliquiis,
1244 4193 1332 4265 quae
1351 4169 1443 4238 inter
1460 4190 1536 4266 pag.
1556 4167 1603 4257 94
1624 4188 1660 4238 et
1677 4165 1725 4240 95
1749 4167 2032 4265 conspiciuntur,

8 4295 201 4392 probatur.
253 4292 348 4382 Quid
376 4291 513 4363 dehac
540 4319 575 4364 re
602 4291 855 4362 iudicandum?
881 4293 1027 4362 Casuine
1054 4317 1097 4362 an
1123 4287 1272 4378 consilio
1298 4290 1513 4361 tribuamus?

961 4458 996 4556 l·
1035 4456 1092 4544 54.
1436 4551 1439 4556 Α

120 4592 209 4662 Mihi
235 4593 379 4688 quidem
404 4573 458 4664 ita·
478 4594 631 4665 videtur:
659 4600 700 4664 In
717 4593 847 4665 scholis
864 4592 1065 4664 monasticis
1090 4589 1266 4663 scribendi
1290 4618 1343 4661 ars
1364 4591 1580 4662 scholaribus
1601 4589 1839 4670 interioribus,
1867 4589 1901 4659 h.
1921 4615 1950 4660 e.
1970 4591 2028 4675 iis,

4 4716 79 4811 qui
107 4713 230 4784 babitu
262 4714 457 4786 monastico
484 4719 688 4809 utebantur,
729 4715 826 4812 quod
855 4736 1022 4814 provecta
1053 4727 1162 4784 aetate
1189 4714 1280 4786 inter
1309 4713 1503 4785 monachos
1534 4711 1644 4811 recipi
1675 4712 1861 4812 cupiebant
1889 4717 1931 4783 ab
1959 4741 2029 4782 uno

52 4835 182 4933 agistro
207 4836 415 4908 tradebatur.
466 4837 572 4910 Cuius
598 4838 748 4910 instituti
768 4838 952 4909 innumera
973 4837 1133 4936 exempla
1158 4836 1195 4906 in
1217 4836 1395 4920 annalibus
1415 4835 1649 4907 inveniuntur.
1702 4833 1788 4906 Inde
1810 4836 2026 4920 factumest,

38 4981 54 5030 t
82 4957 187 5057 pueri
215 4958 400 5031 monastici
430 4987 535 5030 manu
568 4960 742 5032 simillima
777 4981 960 5048 uterentur
967 4992 978 5051 3
1015 4961 1216 5058 (nunquam
1246 4959 1339 5031 enim
1366 4957 1452 5030 alios
1484 4957 1665 5029 literarum
1693 4955 1818 5026 ductus
1851 4955 2025 5039 viderant,

36 5108 123 5152 uam
148 5095 238 5177 quos
265 5078 426 5176 magister
450 5083 664 5183 praeiverat)
695 5083 779 5156 inde
802 5084 932 5154 sactum
954 5085 1023 5168 e'st,
1057 5102 1097 5154 ut
1118 5107 1183 5181 per
1209 5102 1284 5155 tota
1306 5081 1442 5154 saecula
1465 5081 1569 5152 unius
1596 5079 1668 5153 loci
1696 5077 1826 5150 scribae
1848 5077 2025 5152 literarum
