4802 6062
356 391 424 454 Xll
1187 381 1548 448 PROLEGOMENA

358 571 496 670 nequit,
524 569 606 668 quia
631 567 758 668 pagina
785 567 855 638 515
881 565 1027 666 paginae
1058 565 1126 636 511
1156 593 1271 638 aversa
1295 586 1356 672 est.
1406 571 1516 640 Porro
1538 571 1699 670 apagina
1721 569 1791 640 515
1818 569 1860 640 ad
1886 571 2049 671 paginam
2073 575 2144 646 516
2169 575 2363 648 transilitur.

359 697 585 790 Quamquam
607 715 674 762 nec
697 687 746 758 ibi
769 685 965 786 quidquam
989 685 1098 766 deest.
1149 693 1267 760 Restat
1291 709 1331 761 ut
1354 688 1398 762 de
1420 689 1489 762 line
1511 692 1591 764 libri
1613 692 1740 772 dicam.
1791 699 1875 768 Post
1900 695 1995 766 enim
2019 714 2215 770 extremum
2240 719 2365 796 quater-

358 815 523 896 nionem,
550 811 613 908 qui
640 812 683 882 ad
708 809 873 911 paginam
898 811 966 882 587
996 810 1209 898 extenditur,
1236 812 1506 909 semiquaternio
1531 814 1687 886 adiectus
1710 834 1774 896 est,
1801 815 1838 886 in
1859 815 1958 888 cuius
1979 816 2103 890 ultima
2123 819 2254 918 pagina
2278 847 2365 892 evan·

361 935 492 1032 gelium
508 932 649 1006 Ioannis
666 931 804 1019 finitur,
830 957 907 1030 pag.
927 928 1009 1003 595.
1060 930 1132 1002 Nisi
1153 931 1271 1004 omnia
1289 959 1346 1004 me
1365 933 1505 1020 fallunt,
1532 963 1672 1008 carmen
1690 937 1728 1010 in
1744 937 1812 1010 bac
1834 939 1960 1038 pagina
1978 941 2216 1040 perscriptum
2238 942 2366 1039 longitu

361 1083 435 1130 non
467 1055 720 1128 extendebatur
749 1081 855 1151 quam
888 1053 949 1124 hic
978 1073 1038 1124 est.
1090 1051 1267 1125 Sententia
1296 1053 1389 1125 euim
1422 1053 1495 1126 eius
1522 1057 1626 1157 plene
1657 1057 1772 1130 clausa
1802 1079 1863 1130 est.
1910 1064 2048 1132 ¹Tamen
2080 1061 2219 1134 rubrica
2254 1063 2365 1161 pagina

361 1204 511 1278 sequens
533 1177 715 1250 chartacea
738 1199 887 1246 numero
909 1177 984 1265 400
1006 1193 1165 1262 notatur,
1192 1177 1300 1247 etsie
1325 1203 1436 1276 porro
1463 1204 1574 1276 usque
1601 1179 1644 1252 ad
1667 1207 1745 1280 pag.
1770 1182 1853 1271 406.
1903 1182 1971 1254 Sed
1996 1183 2047 1252 nil
2071 1203 2121 1254 est
2148 1182 2185 1254 in
2212 1185 2366 1256 omnibus

363 1299 437 1371 istis
461 1299 597 1398 paginis
622 1298 809 1397 scriptum,
836 1317 875 1368 ut
902 1297 971 1369 iam
995 1297 1223 1396 pronuntiare
1249 1297 1415 1384 audeam,
1440 1300 1586 1398 plenum
1606 1302 1873 1403 perfectumque
1891 1328 1957 1376 nos
1976 1302 2013 1374 in
2034 1303 2191 1376 manibus
2213 1303 2367 1376 codicem

363 1420 503 1492 habere.
542 1421 642 1511 Quae
656 1439 777 1492 contra
789 1417 860 1490 dici
869 1437 1017 1518 possunt
1031 1417 1074 1490 de
1089 1417 1243 1514 reliquiis
1256 1417 1423 1491 soliorum
1439 1441 1672 1509 1111111111,
1689 1423 1777 1495 haec
1790 1423 1859 1497 alio
1872 1425 2006 1525 aptiore
2018 1425 2102 1498 loco
2119 1426 2365 1525 expendentur.

1301 1575 1334 1676 §-
1373 1576 1429 1648 25.
1490 1562 1494 1568 '
1555 1557 1559 1566 '
1602 1563 1616 1592 ⁸

465 1705 505 1766 lrr
531 1725 665 1768 summa
690 1696 814 1794 pagina
841 1696 961 1793 quinta
988 1694 1031 1766 ad
1057 1695 1247 1810 marginqm
1275 1697 1439 1770 dextrum
1463 1698 1551 1769 haee
1577 1697 1672 1795 signa
1698 1699 1940 1797 reperiuntur:
2057 1707 2103 1769 M.
2128 1701 2163 1770 1.
2193 1701 2254 1772 25.

2130 1823 2189 1911 48.

466 1951 635 2044 Repetere
668 1969 706 2014 ea
736 1942 857 2021 nolui,
894 1940 991 2038 quod
1026 1937 1256 2012 bibliothecae
1283 1959 1419 2016 tanturn
1448 1939 1566 2014 usibus
1592 1938 1833 2012 inserviebant.
1887 1933 2035 2012 Formae
2067 1942 2251 2014 literarum
2283 1947 2367 2015 valde

368 2087 524 2138 recentes
551 2086 651 2149 sunt,
685 2083 721 2136 et
750 2063 808 2134 vix
837 2061 985 2132 alterum
1016 2061 1171 2160 elapsum
1198 2061 1376 2132 saeculum
1403 2060 1586 2134 excedunt.
1639 2067 1810 2134 Numerus
1836 2063 1896 2152 48.
1922 2063 2032 2135 minio
2061 2063 2178 2162 pictus
2209 2084 2282 2150 est,
2321 2066 2367 2136 sed

368 2189 517 2278 recenti,
544 2188 698 2282 reliquae
716 2185 835 2257 literae
855 2185 1062 2282 numerique
1085 2183 1217 2254 recenti
1234 2203 1436 2256 atramento.
1488 2181 1584 2276 Quid
1603 2209 1687 2254 vero
1705 2203 1771 2270 est,
1798 2182 1896 2281 quod
1913 2183 1978 2254 ista
1999 2183 2093 2281 signa
2110 2209 2183 2256 non
2201 2183 2240 2253 in
2263 2186 2367 2283 prima

368 2310 476 2382 totius
501 2308 581 2380 libri
610 2308 698 2380 solio
726 2304 840 2405 posita
869 2307 973 2376 sunt?
1006 2305 1105 2376 Haud
1135 2325 1339 2377 cunctanter
1369 2304 1586 2404 respondeo:
1612 2305 1649 2374 in
1675 2307 1793 2406 primo
1819 2305 1904 2378 solio
1933 2305 2085 2405 spatium
2113 2331 2187 2376 non
2215 2311 2368 2378 exstabat

368 2435 524 2528 Namque
553 2429 713 2501 carminis
738 2427 904 2500 Hilariani
929 2453 1046 2500 versus
1071 2455 1182 2526 usque
1210 2427 1253 2500 ad
1279 2447 1473 2500 extremum
1496 2427 1567 2498 1111
1593 2425 1784 2524 marginem
1809 2427 2045 2526 porriguntur.

1306 2581 1339 2680 §-
1380 2583 1436 2654 aa

469 2709 523 2782 Ad
549 2728 689 2781 externa
715 2705 818 2778 etiam
836 2705 1063 2804 scriptionem
1084 2707 1216 2790 111111,
1243 2703 1287 2774 de
1312 2729 1382 2802 qua
1401 2725 1515 2776 tamen
1539 2703 1746 2804 paucissima
1771 2723 1906 2774 tantum
1925 2704 2057 2790 habea,
2083 2730 2171 2800 quae
2191 2732 2368 2778 moneant.

371 2830 646 2926 quiaquantum
675 2826 752 2898 fieri
777 2827 914 2925 potuit,
950 2827 986 2896 in
1011 2825 1102 2898 libro
1130 2851 1236 2923 quem
1265 2826 1424 2898 manibus
1453 2846 1568 2912 tenes,
1602 2851 1680 2898 sum
1707 2826 1870 2898 imitatus.
1923 2825 2016 2898 ttilril
2032 2825 2114 2899 dico
2134 2827 2178 2898 de
2201 2829 2368 2900 scribendi

297 2965 301 2982 “
371 2949 591 3050 compendiis
614 2950 652 3020 in
674 2969 840 3022 contextu
865 2950 921 3021 vel
940 2954 1077 3022 Graeco
1098 2949 1153 3020 vel
1178 2948 1303 3020 Latino
1329 2947 1458 3034 obviis,
1491 2973 1572 3018 nam
1594 2947 1722 3048 prioris
1743 2945 1904 3046 inprimis
1929 2975 2003 3019 rara
2025 2967 2124 3034 sunt,
2159 2967 2195 3018 et
2217 2949 2368 3020 omniun

372 3071 690 3168 antiquissimorum
719 3070 891 3142 librorum
916 3070 1136 3160 communia3
1170 3069 1258 3141 nihil
1282 3069 1363 3141 dico
1389 3069 1433 3140 de
1461 3095 1526 3154 eo,
1554 3069 1651 3166 quod
1677 3071 1713 3139 in
1738 3069 1881 3141 Graecis
1908 3068 2007 3141 litera
2032 3069 2168 3142 literam
2191 3070 2271 3141 sine
2301 3097 2369 3140 111

372 3193 551 3266 iunctione
577 3193 751 3290 sequitur,
785 3193 876 3264 nibil
899 3192 943 3262 de
967 3193 1124 3291 punctis,
1151 3191 1277 3288 quibus
1302 3191 1461 3264 lrbrarius
1485 3190 1655 3264 vocabula
1681 3189 1844 3262 dirimere
1870 3211 2016 3264 conatus
2041 3213 2110 3276 est,
2147 3191 2248 3287 quod
2281 3219 2369 3290 saepe

371 3340 496 3414 parurn
521 3315 666 3386 feliciter
689 3315 878 3413 processit,
905 3311 994 3383 nibil
1019 3312 1063 3384 de
1089 3311 1227 3384 lineolis
1247 3313 1373 3410 quibus
1396 3312 1503 3382 latina
1521 3313 1689 3384 instructa
1713 3333 1809 3404 sunt;
1835 3313 1923 3384 nihil
1944 3314 1988 3384 de
2009 3311 2150 3386 defectu
2168 3335 2370 3384 accentuum

374 3459 409 3508 et
434 3438 628 3537 spirituum.
678 3438 744 3508 Sed
771 3439 919 3534 effugere
945 3435 1039 3509 oculi
1062 3435 1114 3506 tui
1140 3435 1250 3506 aciem
1272 3434 1371 3506 facile
1395 3453 1529 3532 posset,
1556 3433 1728 3530 quaedam
1748 3454 1957 3506 accentuum
1982 3455 2016 3506 et
2041 3435 2228 3534 spirituum
2255 3435 2370 3506 indicia

370 3557 471 3630 initio
496 3559 605 3628 Marci
631 3557 786 3657 reperiri.
837 3558 945 3648 Quod
973 3583 1016 3628 eo
1047 3555 1153 3652 magis
1179 3556 1375 3628 notandum
1401 3542 1470 3642 est,
1499 3583 1610 3653 quum
1636 3557 1744 3628 Marci
1769 3556 1986 3654 evangelium
2016 3555 2219 3653 antiquitate
2250 3557 2370 3653 reliqu

373 3677 484 3748 nostri
506 3678 585 3748 libri
611 3676 821 3775 praecellere
851 3676 1082 3748 videatur-
1108 3677 1201 3746 unde
1235 3677 1428 3774 colligitur,
1464 3702 1606 3750 omnem
1632 3677 1760 3748 librum
1788 3699 1945 3776 tempore
1975 3677 2145 3774 scriptum
2172 3701 2272 3762 esse,
2316 3703 2371 3773 quo

374 3813 535 3870 accentus
557 3819 592 3868 et
616 3796 757 3897 spiritus
778 3796 847 3866 iam
873 3797 960 3895 poni
986 3797 1188 3896 inceperant
1213 3840 1264 3854 -
1289 3797 1391 3868 etiam
1419 3825 1459 3869 ea
1487 3798 1531 3869 de
1566 3825 1685 3882 eausa,
1720 3802 1818 3897 quod
1850 3821 2012 3872 accentus
2037 3801 2107 3869 1111
2133 3797 2272 3893 ubique
2304 3800 2371 3868 salsa

372 3920 455 3991 loco
488 3919 595 4017 positi
626 3921 709 4000 sint,
744 3940 778 3990 et
807 3919 983 4018 inprimis,
1019 3919 1079 3990 ubi
1113 3919 1291 3991 encliticae
1326 3918 1614 4018 praecedentibus
1644 3919 1845 3992 balciuntur.
1880 3923 2120 4016 ιὸμαλισμός.)
2148 3963 2195 3980 -
2220 3920 2373 3991 Alterun

373 4040 469 4136 quod
497 4023 694 4110 1111111111
719 4065 813 4124 sum,
840 4039 876 4108 iu
902 4067 1004 4114 usum
1025 4035 1177 4112 Scholzt't'
1191 4039 1337 4126 adiicio,
1364 4040 1426 4136 qui
1445 4040 1482 4110 in
1498 4038 1569 4112 hoc
1591 4041 1714 4114 codice
1732 4043 1873 4139 vestigia
1892 4042 2087 4114 stichorum
2106 4039 2373 4140 deprehendissa

373 4161 437 4232 sibi
463 4161 609 4233 videtur.
655 4156 762 4244 ,Sunt'
781 4163 892 4247 eninr,
924 4163 987 4248 ait,
1023 4191 1053 4234 v.
1082 4191 1112 4258 g.
1162 4164 1285 4236 Matth.
1311 4171 1346 4247 I,
1375 4165 1431 4233 18.
1465 4183 1596 4260 puncta
1622 4183 1704 4262 post
1735 4193 1874 4256 γενεσις,
1896 4195 1952 4251 ην,
1974 4197 2046 4252 της,
2066 4195 2205 4258 papiae,
2227 4195 2299 4258 τω,
2326 4183 2372 4233 etc

371 4287 480 4353 Error
509 4283 612 4381 plane
643 4283 827 4367 ridiculus,
860 4283 898 4352 in
928 4309 1034 4380 quent
1068 4285 1251 4381 quomodo
1286 4285 1439 4356 incidere
1472 4286 1629 4381 potuerit
1663 4287 1715 4356 vir
1748 4287 1785 4357 ia
1818 4292 1920 4360 rebus
1946 4286 2075 4358 criticis
2099 4311 2163 4386 per
2188 4305 2247 4356 tot
2280 4309 2372 4356 annot

371 4425 542 4489 versatus,
568 4405 921 4504 11111111111111111,
971 4413 1056 4478 Nam
1078 4428 1117 4480 ut
1140 4408 1184 4478 de
1204 4434 1246 4480 eo
1268 4427 1418 4490 taceam,
1445 4403 1543 4502 quod
1569 4405 1674 4476 etiam
1699 4428 1781 4506 post
1805 4439 1956 4507 χρισςου,
1983 4429 2063 4506 post
2086 4443 2128 4497 η,
2151 4426 2235 4506 post
2265 4437 2372 4502 μητρος

372 4545 504 4625 puncta
529 4547 623 4606 sunt,
649 4551 737 4621 quae
763 4525 942 4598 Scholzius
967 4529 1160 4628 prudenter
1186 4529 1317 4614 omisit,
1346 4526 1448 4626 plane
1474 4526 1634 4624 ignorare
1661 4529 1800 4601 videtur
1819 4553 2052 4622 omnemtam
2078 4527 2255 4598 rationem
2288 4553 2372 4626 quan

373 4673 476 4718 usum
507 4647 729 4744 antiquorum
764 4648 968 4722 stichorum.
995 4657 1032 4750 ’1)
1091 4651 1179 4744 Quis
1210 4651 1302 4724 enim
1328 4674 1484 4744 unquam
1509 4647 1660 4740 stichum
1687 4650 1751 4722 sibi
1780 4652 2005 4750 excogitavit,
2041 4649 2103 4747 qui
2127 4673 2196 4718 unu
2225 4675 2325 4722 voce
2349 4677 2372 4722 rr

420 4925 450 4996 ⁹¹⁴¹)
491 4921 688 5000 Moatsuucoa.
708 4921 874 5003 palaeogr.
897 4924 1014 4986 Graec.
1037 4922 1164 4987 11118.
1207 4921 1372 5000 „Graecis
1389 4941 1455 4984 mos
1476 4933 1544 4985 erat
1559 4921 1731 5006 antiquitus
1748 4945 1807 5006 per
1821 4917 1951 5005 στίχους
1965 4945 2019 4988 seu
2035 4918 2213 4985 versiculos
2229 4919 2371 4983 orationi

491 5029 598 5096 partes
624 5014 837 5098 distinguere:
870 5014 982 5102 στίχοςΔ
1005 5030 1106 5081 autem
1133 5039 1196 5082 non
1218 5017 1371 5100 integram
1393 5015 1558 5097 periodum
1580 5019 1787 5100 designabat,
1816 5017 1959 5082 sedeam
1982 5027 2121 5100 partem,
2150 5011 2209 5078 etsi
2233 5017 2371 5098 perqual

383 5147 388 5153 ‹
492 5109 666 5186 minimam,
686 5112 735 5172 111
752 5113 812 5184 iam
829 5113 931 5190 aliquit
948 5131 1055 5184 111111,
1075 5115 1137 5173 licet
1157 5113 1332 5192 imperfectus
1353 5125 1379 5174 et
1396 5115 1557 5185 11111111,
1576 5114 1725 5175 uidebatur
1742 5116 1834 5174 111.ἰ
