4764 6076
668 405 907 473 nnrrtottrs
930 403 1204 472 coustumia.
1245 403 1351 472 car.
1371 357 1419 472 it.
1983 417 2051 482 vn
2169 357 2177 368 ⁶

140 571 326 638 Caeterum
355 563 467 638 nostri
503 558 583 653 libri
618 560 759 634 fortuna
779 555 976 632 luculento
1011 558 1173 658 exemplo
1211 557 1338 648 docet,
1376 577 1507 656 quanta
1543 557 1670 634 iniuria
1706 581 1743 636 et
1775 562 1926 638 simul
1917 569 2050 642 incuria

44 685 258 790 antiquitatis
281 703 510 760 monumenta
534 700 744 772 tractentur,
777 698 812 752 et
844 705 952 778 quam
974 705 1050 754 non
1082 679 1127 752 sit
1161 678 1249 750 utile
1282 679 1374 750 riam
1401 678 1518 778 sequi,
1552 705 1622 776 qua
1644 679 1870 755 Schuluies'
1860 711 1897 756 ιιι
1927 687 2050 762 itinere
2103 677 2116 696 ⁰

42 831 110 878 sun
136 806 290 880 literaria
316 823 370 876 est
393 804 584 914 ingressus,
609 802 777 874 nimirum
802 799 938 900 aliquot
963 801 1135 872 eecuones
1161 787 1399 890 examinandi,
1425 819 1460 872 et
1483 798 1611 874 deinde
1632 800 1677 874 de
1701 821 1780 876 toto
1796 803 1947 904 iugenio
1972 808 2051 882 libri

43 925 218 1000 iudicium
242 925 389 1002 serendi.
437 929 571 1022 Tamen
595 923 735 996 nullum
760 941 897 994 certum
921 921 1104 1018 vestigium
1129 919 1168 992 in
1190 917 1347 992 SclreIer'r'
1365 919 1504 1021 scriptis
1536 921 1772 1024 deprehendi,
1807 924 1904 1024 quod
1937 946 2052 1000 osteu-

43 1047 163 1138 deret,
190 1075 276 1124 eurn·
296 1047 353 1122 rel
378 1071 414 1120 re
440 1072 522 1120 vera
544 1045 662 1124 Sancti
686 1041 779 1118 Gelli
804 1042 926 1130 fuisse,
950 1041 1006 1136 rel
1031 1063 1193 1114 nestrum
1216 1040 1346 1132 librum
1369 1041 1506 1116 vidisse.

786 1268 1314 1305 ——ss-——q

907 1473 1004 1551 ct
1029 1471 1078 1552 P.
1127 1474 1192 1552 11.

551 1645 931 1730 EX'I'ERNA
964 1647 1210 1728 LIBRI
1240 1647 1549 1729 nacms·

1054 1969 1112 2045 tt.

141 2101 192 2170 De
219 2114 445 2194 compactura
464 2089 545 2166 libri
570 2091 686 2166 dicere
709 2091 760 2164 nil
785 2089 917 2166 attinet.
967 1973 1194 2166 ¹dantum
1138 2091 1233 2165 enim
1251 2093 1364 2182 abest,
1389 2113 1430 2166 ut
1449 2088 1627 2208 primaeva
1646 2092 1708 2180 sit,
1723 2113 1774 2166 ut
1790 2093 1910 2192 potius
1929 2113 2071 2168 recens¹

38 2216 185 2290 condita
200 2235 278 2290 ante
298 2241 373 2289 non
388 2213 499 2287 multa
515 2213 685 2286 decennia
701 2213 870 2288 videatur
920 2212 1081 2287 Altitudo
1098 2207 1265 2288 loliorum
1280 2239 1411 2290 novem
1433 2213 1625 2313 digitorum
1650 2233 1717 2296 est,
1743 2211 1897 2286 latitudo
1918 2235 2053 2315 septem

38 2363 126 2410 cum
157 2328 359 2436 quadrante
420 2335 546 2408 Omnia
583 2335 666 2408 folia
693 2335 885 2435 aequaliter
909 2335 1138 2409 circumtecta
1165 2357 1265 2426 sunt,
1301 2357 1336 2411 et
1360 2337 1573 2410 extrinsecus
1598 2337 1706 2409 rubro
1730 2335 1851 2409 colore
1876 2334 2052 2436 adspersa.

1 2472 4 2489 “
20 2521 22 2527 ,
37 2460 241 2556 Antequam
258 2457 389 2534 librum
412 2457 543 2558 aperis,
569 2457 639 2528 iam
658 2475 817 2530 accurate
836 2456 922 2530 duas
948 2457 1021 2530 eius
1039 2477 1156 2558 partes
1173 2479 1314 2532 externa
1336 2459 1454 2559 specie
1472 2457 1683 2554 distinguere
1700 2475 1822 2556 potes,
1846 2455 2052 2555 praesertim

20 2577 69 2649 ‘si
91 2576 296 2651 inferiorem
317 2605 416 2653 oram
438 2577 567 2650 intueri
588 2577 683 2651 velis.
733 2583 890 2677 Namque
912 2603 1023 2678 quum
1047 2578 1175 2676 reliqui
1194 2580 1302 2652 totius
1320 2581 1401 2652 libri
1421 2606 1542 2678 mergo
1565 2604 1605 2650 ea
1623 2598 1722 2678 parte
1746 2603 1817 2676 qna
1834 2575 1967 2649 aremus
1991 2597 2043 2648 est

35 2698 218 2796 punctulis
241 2699 338 2772 rubri
359 2699 487 2772 colorr‘s'
509 2696 693 2798 adspersus
724 2698 783 2786 sit,
818 2699 903 2774 solia
932 2715 1015 2772 octo
1047 2695 1167 2799 priora
1196 2701 1365 2802 penicillo
1398 2701 1498 2774 linere
1529 2699 1642 2772 rubris
1668 2717 1798 2772 notata
1848 2701 1928 2795 Ipse
1962 2694 2050 2767 adeo

39 2819 144 2893 color
167 2818 383 2894 rubicundus
407 2818 577 2922 adspectu
600 2819 817 2917 aliquantum
840 2822 883 2892 ab
909 2844 953 2892 ιο
980 2818 1111 2907 differt,
1150 2847 1223 2918 quo
1247 2822 1361 2895 maior
1383 2819 1464 2894 libri
1488 2847 1569 2922 pars
1594 2821 1806 2894 extrinsecus
1828 2813 1962 2890 imbuta
1990 2835 2050 2888 est.
2147 2839 2158 2860 ·

38 2943 163 3040 Itaque
179 2959 295 3040 patet,
322 2960 405 3014 octo
428 2940 488 3012 illa
504 2940 587 3014 solia
603 2940 695 3012 libro
715 2960 837 3041 nostro
861 2939 1038 3015 adsociata
1058 2965 1103 3015 eo
1123 2961 1283 3045 tempore
1303 2969 1378 3018 non
1397 2943 1502 3016 fuisse
1524 2965 1597 3042 quo
1620 2941 1740 3015 denuo
1761 2957 1965 3038 compactus
1989 2955 2049 3008 est.

37 3057 149 3150 Quod
178 3079 213 3132 et
238 3059 312 3132 aliis
338 3059 529 3134 rationibus
555 3059 737 3141 evincitur.

999 3255 1007 3271 .
1049 3199 1106 3270 15.

138 3319 284 3391 Librum
300 3315 394 3389 enim
412 3317 530 3417 ipsum
547 3318 722 3392 evolventi
743 3319 807 3392 tibi
830 3317 946 3392 statim
969 3195 1072 3392 {iricio
1092 3319 1279 3418 quaternio
1296 3318 1335 3393 in
1352 3317 1475 3394 oculos
1496 3314 1645 3391 incurrit
1666 3314 1855 3401 absolutus,
1875 3315 1938 3411 qui
1956 3313 2051 3386 illam

37 3437 120 3514 libri
138 3457 275 3540 partem
298 3438 565 3538 complectitur,
593 3438 692 3510 cuius
716 3435 908 3537 marginem
935 3467 955 3513 a
976 3439 1115 3538 reliquo
1136 3441 1237 3512 lacile
1262 3441 1413 3512 discerni
1436 3463 1540 3539 posse
1563 3436 1674 3508 modo
1695 3431 1932 3507 animadverti.
1981 3433 2050 3504 Sed
2136 3462 2139 3471 ¹

39 3581 75 3636 et
101 3581 198 3634 tactu
230 3559 472 3658 distinguitur3
507 3559 611 3656 (nam
638 3559 743 3630 huius
774 3559 1014 3658 quaternionis
1042 3564 1263 3632 membranae
1293 3559 1407 3632 multo
1444 3579 1525 3632 aunt
1559 3555 1752 3640 tenuiores,
1789 3575 1897 3651 quam
1927 3567 2051 3625 eorum
2168 3579 2172 3588 ·

38 3681 203 3757 οιιιιιὶιιιιι
233 3681 295 3779 qui
319 3685 536 3784 sequuntur)
563 3701 599 3754 et
621 3678 700 3780 ipso
726 3683 1008 3754 membranarum
1036 3681 1157 3754 colore
1180 3681 1347 3755 subflavo.
1404 3679 1440 3752 si
1463 3705 1629 3752 numeros
1653 3677 1692 3750 iu
1715 3673 1851 3749 summa
1875 3699 1937 3747 ora
1961 3685 2052 3746 mar'-

37 3805 128 3903 ginis
154 3801 334 3876 exterioris
361 3803 554 3876 eolloeatos
579 3802 739 3902 respicis,
765 3799 953 3890 mirabere,
980 3802 1078 3902 quod
1104 3827 1183 3902 pag.
1207 3803 1322 3904 prima
1351 3801 1496 3899 quidem
1516 3823 1704 3874 numerum
1727 3792 1884 3896 primum
1908 3813 1942 3866 at
1965 3821 2049 3873 vero

36 3925 167 4026 pagina
190 3943 285 4011 sexta
312 3920 448 3994 decima
471 3947 669 3995 numerum
685 3922 1011 3997 duodevicesimam
1032 3923 1184 3997 exhibet.
1236 3930 1331 4018 Nam,
1344 3948 1455 4024 quum
1473 3943 1626 4022 quatem
1644 3914 1892 3992 tantummodo
1908 3921 2049 4004 chartae

36 4049 86 4120 ita
112 4045 178 4117 sibi
203 4045 354 4117 invicem
378 4041 525 4116 insertae
550 4045 636 4133 sint,
671 4064 712 4116 ut
735 4045 869 4145 primae
895 4045 965 4118 sint
988 4047 1114 4120 folium
1138 4045 1294 4144 primum
1319 4064 1354 4117 et
1380 4065 1561 4134 octavum,
1594 4049 1768 4126 secundae
1793 4035 1990 4131 secundum
2014 4079 2050 4133 et

37 4165 248 4267 septimum,
274 4165 394 4238 tertiae
419 4164 562 4236 tertium
588 4185 622 4237 et
642 4185 801 4255 sextum,
827 4185 969 4263 quartae
996 4187 1161 4266 quartum
1186 4185 1222 4238 et
1246 4165 1427 4264 quintum:
1459 4167 1615 4242 desectus
1642 4176 1789 4251 omnino
1815 4204 1888 4252 esse
1912 4170 2046 4277 nequii.

35 4293 161 4382 Quum
193 4307 310 4360 autem
341 4277 547 4388 paginarum
580 4287 719 4358 numeri
750 4314 815 4388 per
849 4307 964 4362 totum
996 4287 1159 4365 codicem
1183 4289 1322 4361 rubrica
1346 4309 1425 4362 ante
1451 4315 1525 4365 non
1550 4291 1639 4368 adeo
1664 4297 1775 4368 multa
1797 4299 1907 4372 lustra
1929 4315 2048 4373 ιιοιιιιιι

34 4411 127 4496 sint,
154 4429 206 4496 et,
231 4409 260 4480 si
282 4407 439 4482 ordinem
459 4436 679 4483 numerorum
699 4430 853 4509 spectes,
880 4409 1005 4512 pagiua
1024 4413 1046 4483 3
1064 4431 1100 4484 et
1118 4416 1142 4504 4
1164 4410 1295 4499 desint,
1321 4435 1462 4486 necesse
1483 4434 1535 4486 est
1554 4434 1739 4502 statuatur,
1766 4445 1846 4492 eum
1860 4419 2047 4498 'hominem

36 4533 101 4631 qui
125 4533 210 4604 istos
233 4557 399 4606 numeros
425 4532 563 4603 mabrica
586 4529 767 4614 adiecerit,
803 4547 942 4606 errasse.
992 4537 1114 4632 Itaque
1144 4531 1269 4607 Orellr'r'
1288 4531 1360 4604 mei
1384 4532 1575 4635 descriptio
1600 4538 1819 4612 emendanda
1847 4561 1909 4614 est
1960 4527 2050 4630 Nam

35 4653 175 4726 nullum
197 4653 340 4725 omnino
349 4653 484 4754 sobiam
501 4651 660 4724 evulsum
678 4663 737 4724 est.
787 4655 839 4728 Cf.
860 4655 966 4728 etiarn
986 4679 1076 4754 quae
1100 4653 1145 4726 de
1167 4653 1253 4728 falso
1279 4653 1411 4728 credita
1429 4655 1496 4729 hac
1521 4655 1655 4732 codicis
1673 4655 1799 4734 lacuna
1821 4663 1864 4736 ad
1884 4663 2045 4736 carminis

34 4771 205 4846 Hilariani
228 4797 368 4844 versum
391 4775 641 4873 sexagesimum
666 4773 840 4848 adnotavi
1383 4837 1388 4842 .

135 4891 274 4988 Quodsi
288 4891 396 4993 prims
384 4891 517 4968 huius
533 4893 772 4994 quaternionis
788 4895 922 4994 singula
939 4896 1023 4971 folia
1038 4917 1275 4997 perscrutare,
1292 4922 1393 4986 eave,
1410 4923 1455 4973 ne
1471 4891 1608 4976 fullans.
1648 4902 1849 5003 Namque
1821 4932 1851 4977 st
1867 4925 2044 4979 externam

32 5014 161 5088 faciem
181 5014 288 5116 primi
312 5013 389 5089 folii
411 5019 667 5120 contemplatus
692 5016 815 5107 fueris,
850 5017 950 5092 facile
974 5017 1159 5094 deduceris
1180 5021 1224 5096 ad
1247 5021 1470 5122 opinionem,
1506 5023 1578 5097 hoc
1603 5021 1646 5097 ad
1672 5023 1806 5124 reliqua
1826 5021 1933 5130 huius
1959 5053 2044 5124 qua-
