4764 6076
340 395 480 462 XXXII
647 377 651 382 ¹
1166 381 1531 452 PROLEGOMENA

438 571 633 673 disciplinis
654 597 828 662 carraypu
853 588 952 640 tanto
970 567 1008 638 in
1027 567 1185 648 honore,
1206 585 1371 662 tantaque
1391 565 1431 638 in
1452 562 1692 638 aestimatione
1710 561 1832 665 paucis
1854 562 2035 638 retroactis
2053 535 2201 636 amuis
2218 561 2358 636 habitus

445 694 529 783 huit,
571 709 610 768 ut
635 695 732 768 solus
755 720 823 792 pro
848 692 1009 764 omnibus
1032 690 1114 763 ultis
1137 687 1300 783 legeretur
1317 689 1368 788 ἢ.

1279 868 1313 970 ς.
1351 866 1410 939 ra

535 1039 636 1134 Opus
660 1051 826 1117 nonest,
864 1049 904 1100 ut
927 1029 1030 1129 plura
1054 1027 1098 1099 de
1124 1027 1296 1100 Martiano
1326 1027 1498 1100 adiiciam.
1550 1029 1734 1113 Conseras,
1768 1027 1799 1099 si
1826 1028 1962 1128 placet,
2002 1027 2151 1102 Baehrt't'
2169 1027 2358 1104 historiam

438 1163 681 1229 Romanorum
702 1152 889 1226 literariam
915 1155 949 1254 §.
979 1149 1051 1223 358
1083 1170 1117 1222 et
1138 1149 1246 1222 libros
1269 1150 1318 1221 ibi
1342 1151 1476 1223 citatos.
1525 1150 1593 1222 Sed
1622 1174 1713 1248 opus
1735 1151 1878 1224 sortasse
1905 1177 1978 1223 esse
2004 1151 2067 1229 tibi
2087 1150 2286 1236 videbitur,
2321 1173 2357 1221 ut

437 1279 517 1352 loca
538 1279 700 1364 referam,
735 1275 777 1346 ad
800 1299 889 1372 quae
910 1293 1030 1346 noster
1059 1272 1248 1372 respexisse
1276 1272 1444 1345 videatur.
1512 1273 1632 1344 Ardua
1667 1297 1741 1358 res,
1777 1273 1815 1344 in
1850 1298 1920 1372 qua
1952 1272 2168 1348 coniecturis
2194 1273 2356 1347 contenti

440 1401 549 1474 simus
569 1425 710 1473 necesse
732 1418 792 1470 est.
843 1395 1055 1497 Exemplum
1074 1420 1216 1496 ponam.
1265 1400 1344 1493 Peg.
1375 1390 1422 1467 35
1450 1395 1493 1468 ad
1517 1395 1709 1493 marginem
1732 1396 1776 1468 ad
1803 1395 2013 1469 Mattianum
2034 1413 2264 1496 provocatur.
2319 1399 2356 1464 In

434 1543 535 1594 textu
555 1522 658 1620 legis:
700 1551 747 1613 μη
774 1547 954 1616 μιριμνατε
979 1548 1018 1606 τη
1046 1541 1137 1615 apum
1166 1546 1273 1610 υμων,
1298 1548 1331 1591 rt
1350 1547 1479 1615 φαγητε
1498 1549 1557 1592 και
1575 1549 1607 1594 τι
1625 1550 1737 1608 arnae,
1762 1549 2056 1614 praeuccupata
2076 1550 2167 1612 auur
2186 1551 2220 1595 rt
2240 1527 2355 1594 erboc-

437 1646 538 1724 ησθε.
588 1643 667 1728 Ουχι
693 1661 826 1734 aprum
845 1644 960 1712 relator
986 1661 1075 1709 εστιν
1103 1663 1160 1722 της
1184 1649 1328 1732 τροφηέ,
1357 1665 1415 1709 και
1433 1668 1473 1712 το
1494 1665 1591 1730 cupa
1610 1667 1670 1710 rou
1689 1645 1887 1729 ενδυματοςς
1918 1640 2113 1714 Collocatio
2140 1639 2239 1714 vocis
2270 1627 2358 1734 Μαᾞ

440 1759 575 1860 prodit,
607 1760 651 1833 ad
674 1786 746 1848 ουχι
766 1789 787 1843 η
806 1781 898 1854 pum
917 1769 985 1832 erl„
1010 1764 1238 1860 glossatorem
1267 1760 1468 1862 respexisse.
1516 1761 1583 1833 Sed
1609 1760 1652 1832 ad
1680 1759 1900 1834 dialecticam
1926 1759 2096 1860 respexit,
2132 1787 2177 1834 an
2200 1763 2246 1834 ad
2277 1763 2357 1835 rbe-

447 1881 617 1954 toricaml
667 1883 756 1976 Quis
778 1906 876 1957 certo
899 1885 1027 1958 certius
1050 1885 1122 1958 hoc
1141 1885 1306 1958 definiat?
1357 1883 1447 1956 Mihi
1469 1883 1614 1982 quidem
1633 1883 1819 1956 verisimile
1838 1881 1996 1969 videtur,
2029 1881 2074 1953 ad
2091 1881 2151 1954 lib.
2167 1886 2197 1950 V
2215 1883 2356 1983 respici.

444 1999 607 2074 editionis
639 2005 828 2084 Grotianae
853 2033 931 2106 pag.
961 2009 1031 2078 160
1057 2007 1144 2078 haec
1171 2009 1292 2080 verba:
1331 2034 1387 2093 „a
1411 2008 1673 2105 comparatione
1696 2007 1897 2078 merbrumr·
1930 2008 2007 2105 quis
2027 2005 2158 2078 dubitet
2178 2033 2204 2076 α
2227 2005 2358 2080 Siculis

435 2126 560 2222 petisse
579 2129 765 2223 pecuarium
792 2127 957 2216 Verrem,
984 2157 1062 2202 cum
1091 2159 1116 2202 a
1132 2128 1259 2203 Marco
1276 2128 1422 2204 Octauio
1436 2128 1566 2224 Ligure
1583 2127 1806 2228 postularet?
1847 2127 2038 2222 Virgilius:
2069 2125 2125 2200 Tu
2141 2139 2358 2224 potatum-

438 2249 547 2318 ru'mes
570 2261 708 2320 conare
740 2251 779 2320 r'n
808 2249 945 2348 proelia
965 2252 1110 2353 fratres.
1159 2253 1228 2324 Ex
1248 2250 1315 2324 hoc
1341 2255 1456 2352 utique
1480 2254 1626 2352 probat,
1658 2264 1691 2323 et
1720 2251 1867 2348 crlt'errosx
1877 2276 1997 2347 posse,
2035 2248 2281 2348 quodminus
2310 2263 2359 2320 est

438 2383 536 2439 cct.“
586 2375 633 2440 At
663 2397 748 2443 vero
784 2373 861 2468 quis
893 2373 1173 2446 confirmaverit?
1218 2379 1374 2473 Namque
1406 2375 1445 2446 in
1474 2375 1550 2446 aliis
1570 2374 1659 2448 locis
1693 2372 1797 2446 etiam
1828 2372 1871 2444 ad
1902 2369 2158 2470 grammaticam
2186 2369 2358 2469 Capellae

438 2509 560 2565 noster
590 2489 744 2563 intentus
773 2495 876 2566 baisse
900 2495 1047 2566 videtur.
1098 2495 1193 2588 Quid
1208 2495 1337 2568 'dicam
1363 2496 1407 2570 de
1437 2497 1556 2595 liguris
1585 2521 1781 2594 eorumque
1810 2489 2036 2568 nominibusl
2085 2491 2170 2590 quid
2198 2491 2246 2562 de
2279 2514 2357 2565 toto

439 2608 577 2706 reliquo
608 2635 777 2713 apparatu
803 2615 1006 2688 rhetorico?
1044 2619 1125 2690 Non
1150 2617 1379 2717 hyperbolice
1407 2621 1544 2718 loquar.
1594 2624 1640 2694 At
1660 2645 1744 2692 vero
1769 2614 1953 2717 spondeo,
1987 2613 2053 2684 tria
2080 2639 2137 2685 me
2160 2613 2198 2686 in
2224 2615 2358 2711 quovis

437 2729 521 2806 loco
544 2733 781 2811 exhibiturum
801 2765 887 2820 esse,
928 2765 1000 2836 quo
1026 2740 1186 2812 librarius
1213 2741 1255 2811 ad
1280 2741 1488 2814 Martianum
1509 2741 1733 2841 provocavit,
1771 2765 1860 2839 quae
1885 2736 2073 2836 respexisse
2094 2734 2208 2806 videri
2226 2737 2356 2834 possit.

438 2854 575 2945 Quare,
608 2857 719 2929 missis
749 2861 911 2932 omnibus
942 2860 997 2932 his
1027 2847 1134 2950 locis,
1169 2862 1310 2935 lecturis
1339 2864 1375 2936 id
1407 2863 1540 2961 negotii
1570 2864 1750 2961 relinque,
1779 2882 1820 2936 ut
1849 2861 1914 2934 sibi
1946 2857 2105 2932 Martiani
2130 2855 2210 2930 loca
2251 2858 2357 2929 citata

435 2973 637 3074 adpingant.

1279 3125 1316 3215 8.
1354 3121 1412 3198 79.

536 3278 595 3356 At,
622 3275 723 3361 dicis,
751 3276 780 3347 si
812 3298 908 3353 tanto
938 3278 1051 3380 spatio
1081 3283 1322 3380 egrediebatur
1352 3284 1529 3372 librarius,
1566 3285 1651 3383 quid
1681 3285 1837 3357 utilitatis
1867 3285 1950 3357 inde
1973 3285 2010 3355 in
2029 3285 2199 3357 lectorem
2214 3283 2358 3355 *redun-

442 3392 559 3467 davit?
608 3401 688 3468 Non
719 3398 756 3468 in
784 3426 887 3472 usum
909 3403 1085 3476 lectorum
1109 3407 1286 3480 variorum
1312 3407 1425 3481 nostri
1448 3406 1529 3480 libri
1552 3410 1746 3509 comparati
1766 3429 1865 3494 sunt,
1893 3407 1991 3506 quod
2010 3406 2175 3483 alioloco
2198 3405 2357 3479 (lemon-

440 3535 587 3588 stratum
606 3518 749 3607 ivimus,
789 3522 850 3592 sed
873 3525 1096 3599 scholarium.
1149 3532 1270 3628 Itaque
1302 3557 1391 3629 quae
1421 3529 1584 3605 adnotata
1606 3553 1687 3604 sunt
1705 3559 1724 3603 a
1740 3551 1970 3632 praeceptore
1988 3529 2152 3602 adnotata
2175 3527 2356 3610 videntur,

349 3641 351 3646 ’
442 3658 482 3708 ut
506 3639 767 3724 recordaretur,
794 3672 884 3741 quae
906 3647 988 3721 loco
1012 3650 1130 3747 aliquo
1155 3651 1461 3726 animadvertenda
1486 3675 1609 3727 essent

1151 3830 1158 3840 ·
1271 3829 1304 3928 ς.
1346 3831 1405 3902 aa.

528 3955 648 4025 Restat
678 3975 719 4025 ut
745 3955 789 4027 de
820 3983 863 4030 eo
896 3958 1038 4058 loquar,
1088 3963 1186 4061 quod
1226 3965 1349 4038 mirari
1381 3968 1524 4039 sortasse
1553 3968 1683 4068 possis,
1725 3968 1777 4043 M
1793 3971 1891 4043 nudo
1915 3963 2124 4046 Martiauurn
2148 3971 2356 4071 significari.

435 4069 633 4172 Aliquoties
662 4080 907 4152 tantummodo
928 4082 1000 4156 hoc
1025 4086 1174 4185 reperis,
1213 4109 1377 4186 quatuor.
1388 4089 1599 4190 propinquis
1623 4091 1775 4192 paginis,
1813 4093 1983 4192 ampliore
2008 4094 2226 4195 compendio
2252 4121 2358 4195 prae-

435 4197 602 4285 cedente,
651 4219 685 4270 et
714 4221 893 4298 praeterea
928 4205 1036 4276 semel
1071 4233 1148 4306 pag.
1178 4212 1259 4302 347.
1308 4217 1429 4309 Neque
1460 4211 1489 4284 si
1519 4214 1618 4285 aliter
1648 4235 1737 4288 esset
1762 4216 1915 4288 mirarer.
1967 4223 2124 4316 Namque
2151 4243 2258 4304 usus,
2298 4221 2357 4292 cui

434 4319 524 4393 liber
554 4320 744 4394 destinatus
772 4323 874 4394 firisse
904 4324 1062 4426 videtur,
1100 4331 1180 4402 satis
1204 4333 1275 4406 hoc
1301 4354 1480 4406 excusaret
1494 4333 1541 4426 ⁹⁸).
1610 4338 1843 4412 Ecclesiastici
1870 4365 1953 4418 usus
1979 4337 2150 4413 indicium
2170 4365 2356 4440 nusquam

431 4441 557 4541 reperi.
611 4444 683 4536 Qui
709 4445 746 4515 in
774 4447 1008 4522 Boerneriauo
1034 4449 1130 4522 haud
1150 4455 1257 4526 semel
1287 4457 1582 4533 aninradvertitur.

349 4643 705 4662 m

417 4780 451 4854 ⁸³)
489 4779 525 4842 ln
548 4781 741 4847 monasterio
763 4782 1046 4850 Sancti-Gallensi
1061 4787 1216 4855 Murtiaui
1239 4813 1336 4874 opera
1358 4816 1398 4859 ex
1419 4795 1611 4862 Hartutuodi
1634 4802 1720 4866 dono
1746 4801 1957 4867 habebantur.
1998 4797 2116 4865 incidit
2129 4813 2238 4865 autera
2255 4803 2356 4868 buius

487 4875 612 4940 abbatis
632 4896 720 4940 mors
740 4876 774 4940 in
795 4900 911 4942 annum
927 4879 1051 4945 Christi
1064 4885 1136 4948 872.
1160 4885 1240 4949 vit.
1263 4891 1303 4950 de
1317 4888 1366 4952 his
1381 4889 1675 4958 omnitusdutuu
1694 4915 1777 4958 rerr.
1794 4894 2074 4959 Alamanniceruur
2089 4895 2179 4960 Part.
2193 4900 2225 4961 1.
2244 4911 2290 4979 p.
2302 4901 2353 4964 32.

396 4968 443 5044 ⁸)
485 4971 606 5032 Tamen
636 4975 824 5036 aroneatluut
852 4984 916 5045 est,
956 4977 1084 5040 nomina
1110 4977 1213 5060 prima
1240 4979 1332 5046 liter-'l
1359 4981 1561 5070 significandi
1587 5009 1676 5052 usura
1705 4988 1919 5054 taedio-aevo
1950 4987 2201 5080 vulgatissimum
2233 4991 2354 5060 luisse.

485 5061 542 5127 Cl.
564 5061 675 5128 traua
696 5067 779 5132 Acta
801 5065 861 5130 SS.
884 5080 947 5134 ete.
970 5072 1065 5138 'l'oru
1089 5071 1175 5150 Vll,
1193 5073 1255 5140 fol.
1279 5078 1330 5142 tt.
1353 5082 1383 5152 §-
1407 5081 1454 5147 16.
