4764 6076
267 466 330 532 DE
353 468 492 530 NOTIS
513 464 838 532 MANUSCRIPTI
859 467 1212 532 sanuattuttsts
1233 465 1602 540 MARGINALIBUS.
1645 468 1751 535 CAP.
1773 471 1837 538 vt.
1918 475 2062 542 XXVII
2138 439 2145 448 ·

46 663 130 716 sunt
145 645 204 744 *);
229 644 357 744 partim
382 645 552 718 versionis
576 671 668 719 nova
694 645 782 719 ratio
807 644 893 716 inita
919 666 989 737 est;
1021 645 1151 745 partim
1176 645 1281 718 etiam
1306 644 1457 720 lectores
1481 646 1594 722 scriba
1619 651 1921 724 commonefacere
1947 655 2061 730 voluit

46 766 93 837 de
118 764 246 853 modo,
288 791 361 865 quo
387 772 521 840 Graeca
545 766 692 864 legenda
716 767 799 848 sint,
845 765 945 838 cuius
977 767 1029 840 rei
1055 768 1257 868 exemplum
1280 793 1392 840 unum
1418 787 1554 840 tantum
1581 789 1690 842 exstat
1714 769 1805 873 efide
1828 797 1896 872 pro
1922 778 2061 848 Graeco

46 887 175 973 εφειδες
199 889 347 967 maxime
373 909 509 976 autem,
534 891 575 960 u't
599 888 786 962 nominum
811 889 1033 986 quorundam
1060 888 1394 978 ecclesiasticorum,
1421 915 1511 990 quae
1537 910 1613 964 tum
1637 891 1674 964 iu
1700 919 1767 966 usu
1792 893 1925 992 vulgari
1950 917 2058 984 erant,

46 1013 148 1111 origo
175 1013 420 1086 ostenderetur
431 1009 504 1112 **).
931 1097 934 1103 ι

144 1295 187 1361 11.
237 1290 492 1384 Argumentum
517 1287 617 1386 quod
638 1299 821 1360 camactos
846 1299 990 1375 tractat,
1017 1291 1054 1359 in
1079 1289 1277 1362 universum
1301 1285 1531 1391 significatur.
1583 1293 1695 1362 Pauca
1721 1308 1856 1362 tantum
1881 1291 1986 1364 huius
2012 1294 2063 1365 rei

45 1412 206 1511 exempla
233 1410 322 1482 mibi
347 1429 466 1483 notata
490 1411 582 1481 sunt.
634 1413 686 1480 Ita
702 1434 779 1508 pag
798 1411 820 1481 8
846 1407 1062 1483 Iudaeorum
1087 1430 1122 1482 et
1134 1433 1359 1508 paganorum
1375 1410 1508 1484 mentio
1526 1431 1578 1484 est
1596 1411 1683 1482 sacta
1692 1441 1703 1502 ;
1729 1437 1806 1511 pag.
1827 1413 1872 1483 18
1899 1413 2062 1512 deiparae

47 1553 84 1604 et
109 1536 202 1606 caeci
224 1536 309 1606 noti.
359 1530 475 1632 Quod¹
491 1533 571 1631 pag.
599 1530 667 1602 123
694 1530 732 1601 in
757 1533 909 1630 margine
936 1551 1045 1604 exstat
1077 1531 1212 1600 mutus
1240 1533 1294 1628 (=
1314 1532 1450 1633 titulus)
1465 1531 1638 1630 significat
1655 1532 1768 1606 crucis
1786 1553 1922 1605 sanctae
1940 1535 2062 1606 iuscri-

47 1655 220 1754 ptionem.
273 1655 436 1754 Apertius
462 1653 557 1724 idem
582 1679 659 1751 pag.
690 1653 761 1724 188
787 1653 952 1740 recurrit,
978 1657 1040 1728 ubi
1065 1657 1187 1730 titulus
1210 1669 1353 1730 sanctae
1378 1655 1486 1728 crucis
1510 1652 1548 1724 in
1574 1679 1635 1726 ora
1660 1653 1804 1751 legitur,
1831 1674 1866 1726 et
1891 1681 1969 1753 pag,
1989 1657 2061 1728 306

47 1777 109 1846 ubi
133 1776 276 1848 Graecis
303 1775 510 1886 opprimitur
532 1797 564 1840 τ.
586 1797 684 1858 cyeno
703 1795 859 1861 monoco-
908 1782 1048 1851 Praeter
1070 1779 1136 1852 ista
1161 1777 1407 1852 tantummodo
1421 1775 1538 1870 glorier
1554 1775 1748 1847 inexcelu‘s
1763 1801 1840 1874 pag.
1854 1773 1924 1867 245
1946 1777 2059 1873 [quod

45 1898 219 1996 hymnum
244 1887 441 1996 angelicum
466 1899 528 1997 qui
553 1899 682 1971 dicitur
708 1901 874 1999 designat.
901 1904 952 1974 Cf.
977 1902 1027 1975 du
1043 1901 1174 1975 Fresne
1197 1902 1351 1974 Glossar.
1378 1895 1470 1969 med.
1499 1916 1534 1968 et
1558 1893 1619 1967 inf.
1636 1899 1710 1967 Lat.
1737 1898 1802 1966 sub
1827 1921 1905 1968 roc.
1932 1894 2057 2000 hymn.

45 2019 207 2120 argelle]
236 2039 272 2091 et
297 2021 512 2122 baptismum
540 2019 672 2096 Chresti
686 2049 770 2123 pag.
799 2024 868 2097 327
892 2021 1136 2098 animadverti.
1210 2011 1216 2017 ’
1268 2065 1270 2070 ·
1347 2063 1351 2070 ·

985 2165 1021 2265 ς.
1057 2162 1119 2234 oa.

145 2307 206 2372 ΙΙΙ.
256 2297 433 2375 Numeros
450 2301 524 2373 tom
541 2325 716 2372 canonum
734 2299 1017 2374 Eusedrbnomm
1034 2327 1143 2400 quom
1155 2301 1345 2374 sectionum
1357 2300 1680 2373 Ammonianorum
1695 2309 1727 2370 et
1743 2306 1859 2372 τιτλων
1879 2326 1937 2372 seu
1957 2293 2060 2394 aspu-

45 2434 151 2495 λαιων
182 2418 252 2494 leuc
280 2420 512 2522 paragrapho
541 2422 811 2520 complectimur.
862 2425 983 2518 Quum
1018 2423 1062 2496 de
1092 2423 1147 2494 his
1175 2425 1278 2494 rebus
1310 2422 1348 2496 in
1372 2407 1503 2494 scholis
1527 2419 1709 2517 isagogicis
1734 2421 1841 2519 vulgo
1868 2441 2053 2506 tractetur,

41 2545 165 2616 breves
193 2533 277 2658 esse*
291 2543 497 2643 poterimus.
549 2543 661 2614 Unius
686 2543 831 2643 paginae
856 2569 1042 2632 numeros,
1077 2545 1233 2618 tironum
1257 2542 1482 2642 ingratiam,
1516 2561 1557 2616 ut
1581 2541 1785 2640 exemplum
1810 2541 1868 2624 sit,
1908 2541 2059 2640 explica-

41 2664 168 2737 bimus.
219 2670 308 2736 Casu
332 2665 435 2738 nobis
461 2664 497 2734 in
523 2664 648 2737 oculos
672 2665 797 2736 incidit
822 2666 947 2765 pagina
972 2667 1054 2740 298.
1105 2667 1263 2738 Primum
1278 2665 1319 2736 in
1333 2664 1486 2761 margine
1504 2661 1694 2760 conspicis:
1719 2667 1927 2734 lacem.
1979 2667 2057 2736 Hoc

43 2784 242 2856 ostenditur
267 2785 389 2857 Lucae
405 2785 476 2886 (L.)
493 2789 595 2858 sectr'o
613 2787 847 2859 ducentesimo
863 2789 1119 2886 septuagesimo
1137 2787 1391 2860 Ammoniaco.
1443 2785 1535 2856 Infra
1559 2783 1732 2882 scriptum
1758 2787 1809 2855 est
1835 2790 1887 2868 ΙΙ,
1921 2803 1956 2856 et
1981 2783 2059 2880 qui·
2177 2808 2181 2816 ·

42 2906 145 2991 dem,
186 2907 284 3005 quod
318 2907 512 3008 exprimere
543 2907 782 3006 nequivimus,
820 2903 945 2982 minio.
999 2909 1162 2989 Ostendit
1191 2933 1364 2981 canonem
1399 2903 1605 2978 secundum.
1659 2907 1737 2979 Hoc
1771 2905 1842 2976 iam
1874 2904 2057 2974 sufficeret.

40 3028 79 3097 Si
106 3029 200 3099 enim
226 3054 398 3101 canonem
424 3031 620 3102 secundum
646 3029 697 3120 (in
722 3031 802 3102 cod.
829 3052 952 3104 nostro
977 3057 1054 3131 pag.
1085 3034 1144 3124 10)
1170 3028 1355 3114 evolveris,
1390 3026 1542 3129 reperies
1568 3025 1782 3126 respondere
1809 3023 2056 3098 sectioni'270

41 3154 159 3221 Lucae
187 3151 258 3221 203
286 3151 454 3222 Matthaei
482 3156 552 3243 114
578 3151 698 3224 Marci.
761 3151 927 3224 Sedhoc
951 3153 989 3223 in
1014 3153 1168 3251 margine
1193 3153 1242 3223 ita
1267 3171 1469 3250 expressum
1495 3167 1560 3234 est,
1597 3167 1638 3219 ut
1662 3147 1705 3220 ad
1732 3144 1901 3217 Matthaei
1924 3169 2060 3216 nomen

38 3272 308 3369 significandum
334 3274 378 3336 M
400 3274 639 3374 suprascripto
672 3274 704 3336 T
725 3273 921 3345 adhibitum
946 3274 1007 3362 sit,
1035 3275 1079 3344 ad
1104 3275 1215 3346 Marci
1239 3297 1324 3347 vero
1350 3279 1395 3344 M
1416 3269 1658 3368 superscripto
1681 3275 1723 3340 R.
1774 3259 1923 3339 Litterae
1949 3265 2060 3334 inter·

39 3395 153 3466 iactae
181 3397 271 3491 (ΟΖ)
298 3399 469 3479 Graecae,
494 3397 565 3467 iam
588 3395 626 3465 in
652 3395 720 3464 fine
746 3394 891 3492 paginae
916 3394 1159 3494 praecedentis
1185 3419 1377 3493 expressae,
1403 3391 1590 3476 κεφαλαιον
1610 3387 1777 3462 indicant.
1829 3387 1889 3458 His
1915 3383 2058 3456 Graecis

38 3519 233 3602 κιφαλαιων
263 3519 419 3590 numeris
452 3518 581 3590 lineola
614 3515 824 3614 superscribi
857 3537 893 3586 et
924 3539 1036 3585 uncus
1068 3514 1238 3586 subscribi
1270 3514 1414 3586 solebat.
1464 3511 1560 3583 Nihil
1592 3510 1797 3608 significant.
1835 3555 1885 3572 -
1922 3503 2057 3578 Deinde
2113 3551 2117 3562 -

37 3647 132 3716 inter
157 3643 284 3717 lineam
310 3661 441 3712 sextam
466 3660 502 3712 et
526 3635 711 3738 septimam
737 3635 781 3708 ad
807 3635 999 3734 marginem
1024 3635 1130 3732 legis:
1165 3639 1205 3708 L.
1234 3624 1809 3732 (Lucas)CCLXX1'subscripto
1832 3633 1886 3714 X,
1924 3624 2058 3708 minio,

38 3788 76 3838 et
103 3765 221 3838 addita
247 3789 352 3838 voce:
390 3763 455 3835 sol.
517 3765 673 3834 Docetur
697 3757 789 3830 hanc
816 3756 884 3829 271
912 3761 1028 3828 Lucae
1060 3756 1255 3828 sectionem
1277 3754 1314 3825 in
1340 3777 1475 3827 canone
1502 3753 1642 3826 decimo
1668 3748 1922 3850 quaerendam,
1961 3745 2055 3847 apud

125 4047 156 4120 ³⁶)
196 4043 269 4105 Huc
291 4041 413 4102 reseras
432 4036 579 4122 βρωμιυς
599 4037 681 4112 (nam
702 4035 843 4117 βωμιευς
863 4047 895 4098 et
915 4043 1059 4095 monstro
1079 4028 1242 4118 βρωμιευς
1267 4026 1412 4092 contusis
1439 4027 1498 4092 ista
1520 4029 1629 4093 notitia
1650 4041 1722 4091 nata
1744 4027 1827 4104 est),
1865 4041 2056 4098 υποπαντη,
2108 4009 2112 4017 ¹

200 4151 311 4214 σπαρο
338 4136 487 4212 (uanique
516 4150 585 4190 curu
613 4145 824 4211 onopoooue
849 4125 1055 4208 componitur
1084 4123 1419 4210 Augu-Saxonicum
1439 4141 1552 4204 murro
1575 4123 1630 4188 Cf.
1652 4123 1693 4183 de
1712 4121 1814 4182 Fresae
1835 4120 1946 4182 Gloss.
1970 4120 2054 4180 med.

199 4239 230 4289 et
250 4225 311 4288 int.
337 4225 408 4291 Lat.
429 4245 457 4285 s.
482 4225 588 4298 voa),
617 4220 754 4302 ὃραμις,
774 4220 848 4284 alia.
1653 4235 1656 4242 ’
1744 4231 1747 4238 ·

106 4321 156 4400 **)
196 4321 269 4384 Huc
290 4313 398 4382 resero
419 4333 617 4400 καταχησις,
637 4313 814 4396 dopmno,
833 4335 971 4396 μετοχη,
990 4311 1175 4396 περιζωμα,
1202 4330 1338 4394 αγωνια.
1379 4309 1444 4391 Qui
1465 4309 1547 4374 enim
1569 4309 1802 4373 accuratiorem
1825 4306 1953 4369 illorum
1975 4315 2054 4366 tcm-

197 4436 311 4497 porum
333 4413 482 4478 notitiam
504 4409 566 4474 sibi
588 4408 808 4491 comparavit,
839 4432 909 4471 cum
931 4429 994 4470 uon
1016 4407 1136 4491 fugiet,
1168 4419 1291 4488 partam
1321 4403 1583 4489 legendorumet
1609 4406 1837 4466 cantandarum
1866 4399 1897 4462 in
1919 4395 2056 4460 ecclesia

200 4529 348 4586 graecam
377 4506 488 4572 fuisse.
531 4503 747 4567 Merrrorabile
774 4503 869 4566 huius
896 4500 943 4564 rei
970 4502 1148 4581 exemplum
1178 4497 1210 4560 ia
1237 4498 1348 4561 codiee
1377 4495 1778 4572 'l'htranete-Colbertino,
1812 4491 1867 4578 qui
1895 4490 1972 4554 olim
1994 4487 2056 4551 suit

199 4599 416 4664 bibliothecae
431 4598 623 4679 Dionysiam
644 4617 748 4676 prope
763 4595 907 4662 Parisios
927 4592 1131 4669 monasterii,
1151 4591 1324 4672 reperitur.
1367 4590 1513 4673 Scriptus
1534 4591 1562 4654 is
1581 4601 1630 4654 est
1650 4589 1777 4654 saeculo
1799 4588 1831 4652 ni
1846 4585 1944 4649 failor
1958 4601 2057 4655 nono,

198 4709 230 4758 et
252 4691 382 4757 exbibet
403 4697 551 4775 hymnum
574 4691 751 4774 angelicum
773 4703 804 4754 et
824 4688 1023 4769 symbolum,
1048 4685 1182 4749 Graecis
1204 4684 1329 4760 verbis,
1351 4683 1451 4749 literis
1471 4684 1641 4757 Romanis,
1669 4683 1710 4771 ita
1724 4705 1736 4756 r,

282 4786 478 4866 „Pisteugm
500 4809 587 4852 asena
610 4789 707 4847 theon
727 4797 836 4866 patera
861 4821 897 4835 -
919 4819 955 4834 -
978 4782 1032 4846 ke.
1050 4780 1093 4844 is.
1113 4793 1147 4844 to
1168 4798 1317 4860 pneuma.
1339 4789 1373 4840 to
1396 4778 1493 4858 agion
1514 4791 1578 4841 etc.
1601 4813 1640 4828 -
1662 4781 1727 4828 -“

278 4881 420 4957 „Doxm
442 4903 479 4943 cn
502 4876 641 4959 y'psistis
663 4880 750 4941 theo.
772 4879 811 4940 ke
832 4874 946 4958 eptgis.
965 4861 1058 4938 irini.
1079 4874 1152 4926 -“

196 4974 509 5044 daemonstrandum
535 4974 631 5048 „lam
653 4984 820 5056 tum'ergo
842 4991 881 5033 eo
904 4969 936 5030 iu
957 4964 1118 5032 coenobio
1140 4964 1271 5046 rigebat
1291 4987 1367 5029 usus
1388 4959 1501 5030 missae
1522 4965 1675 5026 Graecae.
1716 4960 1780 5042 Qui
1800 4960 1886 5034 ritus
1902 4960 2055 5021 hactenus

197 5069 229 5133 in
254 5067 394 5151 quinque
414 5063 594 5148 praecipuis
616 5067 688 5129 anni
707 5063 935 5127 festivitatibus
956 5061 1194 5126 observatur.“

98 5229 103 5240 ,
198 5165 250 5228 De
269 5182 357 5240 opatu
379 5159 429 5224 rel
450 5177 578 5241 cyanea
597 5161 642 5224 at.
663 5159 776 5224 natet
795 5158 879 5221 Acta
894 5178 938 5220 ss.
953 5167 1018 5224 etc.
1040 5155 1140 5217 'form
1160 5153 1229 5228 vl.
1249 5151 1313 5218 tot.
1332 5153 1404 5216 tta.
1427 5155 1459 5228 §-
1476 5151 1530 5218 88.
1548 5183 1591 5200 -
1610 5151 1661 5213 De
1683 5147 1774 5214 vocis
1793 5149 1983 5210 euticianam
1996 5163 2056 5206 usu

1561 5261 1617 5324 μ
