4764 6076
359 384 547 458 fflvlll
1172 384 1535 450 monument

414 571 457 636 tt.
507 559 977 662 licetapudlatinosnibil
996 559 1116 646 valeat,
1142 561 1750 664 apndnostamenbleuunnospro
1767 561 2336 662 zssracaposimmcltlenchel.²·)

504 685 628 780 clmtge
648 683 812 756 damini.

416 811 456 880 1..
510 807 647 880 Lware
675 807 833 882 laetatur.

338 917 344 928 ’
414 935 464 1000 Μ.
507 925 728 1000 macrae
745 925 934 998 melodiam
958 927 1136 998 moderari
1157 927 1389 1002 mendicando
1415 950 1598 1008 memorat.

416 1053 457 1121 ll.
505 1045 643 1122 Noton
673 1047 747 1120 hoc
776 1068 828 1119 est
856 1048 1026 1120 noser‘tore
1048 1048 1206 1122 notificat
1224 1051 1294 1142 ω).

418 1175 461 1244 Ο.
511 1171 684 1266 thruum
706 1171 766 1242 sui
791 1169 829 1242 t'n
852 1195 910 1240 ore
930 1182 1107 1240 mianttt
1129 1171 1280 1244 ordinat.

419 1300 457 1366 P.
504 1291 721 1368 Pressionem
745 1290 802 1366 vel
823 1293 1040 1392 prensabnem
1066 1291 1246 1391 praedicat
1265 1291 1360 1384 aaa).

418 1419 462 1508 Q.
513 1421 555 1486 ln
578 1413 888 1512 significationibus
912 1433 1077 1485 notarum
1104 1439 1205 1512 quaer,
1239 1414 1437 1512 quaeritur!
1487 1417 1608 1508 Quum
1628 1405 1741 1486 ¹etiam
1772 1413 1809 1486 iu
1837 1414 1951 1488 verbis
1975 1413 2019 1486 ad
2047 1413 2135 1486 nibil
2163 1411 2263 1484 aliud
2289 1413 2347 1480 scri

505 1539 621 1622 batur,
657 1535 724 1606 nisi
749 1555 790 1606 ut
812 1561 962 1632 sequens
985 1540 1026 1606 V.
1051 1535 1123 1606 vim
1149 1561 1248 1608 suam
1273 1535 1431 1608 amittere
1456 1559 1642 1634 quaeratur
1659 1535 1779 1636 Q,

416 1663 458 1730 tt.
505 1657 765 1731 Recte'tudinem
792 1657 849 1728 vel
877 1682 1038 1728 ranarum
1064 1681 1138 1728 non
1164 1657 1365 1731 abolitionis
1390 1655 1452 1730 red
1476 1657 1734 1759 caespitatiouis
1749 1661 1793 1757 †)
1826 1657 1962 1754 rogitat.

422 1785 454 1852 S.
511 1779 638 1852 &mam
661 1777 718 1850 vel
738 1803 879 1851 narsum
902 1778 1066 1852 scandere
1089 1777 1213 1851 sibilat.
1580 1786 1585 1794 ’

420 1905 460 1974 Τ.
515 1899 671 1976 Trahere
692 1902 749 1974 vel
771 1913 879 1972 tenere
903 1900 1030 1972 debere
1055 1919 1208 1973 testatur.

419 2029 458 2096 V.
509 2023 608 2096 licet
633 2023 757 2094 amissa
777 2022 813 2092 in
841 2048 907 2094 suo
934 2021 1043 2094 veluti
1070 2021 1170 2094 valde
1197 2027 1272 2093 Van
1292 2023 1426 2092 Graeca
1448 2021 1506 2094 vel
1526 2025 1681 2095 Hebraea
1707 2021 1860 2094 velificat
1874 2021 1956 2116 ἢ).

417 2149 461 2216 X.
511 2145 678 2238 Quamvis
700 2143 822 2216 Latina
848 2147 951 2216 verba
974 2169 1040 2242 per
1065 2169 1101 2214 se
1125 2168 1199 2216 non
1220 2145 1319 2241 ffi)
1350 2141 1513 2230 inchoet,
1538 2163 1655 2216 tamen
1676 2163 1876 2244 exspectare
1902 2139 2044 2238 expetit.

419 2271 457 2337 Y.
515 2266 622 2366 Apud
650 2265 794 2338 Latinos
821 2265 909 2336 nihil
936 2264 1121 2366 bymnirat.

418 2393 455 2458 Z.
515 2411 601 2459 vero
632 2385 717 2456 licet
746 2405 783 2456 et
810 2385 885 2483 ipsa
915 2410 1010 2458 mere
1039 2391 1173 2458 Graeca
1206 2405 1242 2457 et
1274 2388 1320 2457 ob
1354 2383 1392 2455 id
1423 2383 1518 2457 hand
1541 2385 1734 2457 necessaria
1760 2383 1942 2466 Romanis,
1977 2399 2126 2481 propter
2151 2374 2351 2476 praedictam

510 2529 627 2580 tamen
654 2513 696 2578 R.
722 2507 840 2578 literae
867 2507 1137 2606 occupationem
1163 2507 1207 2578 ad
1236 2506 1301 2576 alia
1328 2507 1490 2604 requerere
1515 2506 1553 2577 in
1579 2534 1641 2578 sua
1665 2507 1784 2605 lingua
1805 2507 1900 2578 ulr'se
1915 2506 2041 2600 ἦῆ)
2075 2496 2235 2596 requirit.

461 2627 671 2724 Ubicunque
699 2649 815 2699 autem
842 2627 931 2699 duae
961 2629 1106 2700 veltres
1131 2649 1190 2701 aut
1212 2629 1331 2727 plures
1359 2627 1478 2700 literae
1498 2649 1682 2728 ponuntur
1703 2629 1740 2698 in
1765 2652 1839 2700 uuo
1861 2627 1963 2712 loco,
1989 2649 2031 2696 ex
2053 2619 2237 2719 superiore
2262 2618 2351 2688 inter·

363 2746 575 2844 pretatione,
600 2747 820 2846 maximeque
839 2774 882 2819 ex
902 2749 977 2834 illa,
1004 2777 1109 2846 quam
1140 2751 1183 2821 de
1207 2757 1242 2821 B.
1270 2749 1359 2834 dixi,
1385 2749 1471 2846 quid
1498 2750 1562 2820 sibi
1590 2749 1698 2822 velint
1723 2749 1822 2820 facile
1842 2748 2000 2847 poterint
2018 2743 2161 2817 adverti.
2211 2740 2351 2810 Salutaut

364 2883 398 2934 te
426 2867 565 2939 Ellinici
591 2869 710 2940 fratres
724 2868 798 2968 *ἢ
825 2891 1008 2942 monentes
1040 2891 1075 2943 te
1106 2871 1183 2944 fieri
1216 2871 1261 2940 de
1293 2869 1424 2940 ratione
1455 2871 1652 2942 embolismi
1681 2869 1844 2957 triennis,
1883 2887 1925 2940 ut
1946 2871 2075 2962 absque
2097 2887 2218 2934 errore
2243 2885 2353 2956 gnam

288 3081 295 3094 ·
366 3009 439 3055 esse
464 2989 576 3059 valeas
600 2989 753 3070 biennis,
789 3011 994 3090 contempto
1020 2993 1142 3090 precio
1163 2992 1362 3064 divitiarum
1383 2991 1518 3063 Xerxis.

1309 3126 1342 3224 §-
1368 3127 1428 3200 92.

462 3255 601 3351 Quodsi
628 3257 762 3355 singula
788 3279 947 3332 accurate
976 3261 1167 3360 expendas,
1202 3261 1298 3334 illico
1331 3261 1498 3361 reperies,
1533 3262 1635 3362 plura
1660 3262 1790 3348 inesse,
1843 3284 1932 3358 quae
1971 3257 2014 3328 ad
2047 3273 2190 3326 cantum
2221 3251 2354 3324 omnino

365 3403 440 3452 nou
464 3397 630 3477 spectant.
682 3385 758 3452 Huc
782 3383 905 3470 refero,
938 3409 1026 3482 quae
1055 3383 1098 3456 ad
1131 3383 1246 3458 literas
1268 3384 1314 3476 Q.
1334 3389 1376 3456 R.
1403 3388 1440 3456 2.
1462 3383 1556 3456 dicta
1580 3404 1670 3456 sunt
1720 3388 1838 3477 Quare
1862 3379 2043 3463 existimo,
2067 3373 2282 3454 Notlerum,
2310 3368 2356 3438 lus

453 3627 486 3706 ⁴)
526 3631 600 3692 Hoc
622 3625 703 3688 idem
723 3627 847 3712 signum
868 3649 962 3712 saepe
982 3629 1014 3692 iu
1034 3632 1155 3696 codicis
1175 3631 1278 3695 nostri
1300 3644 1467 3698 contextu.
1510 3633 1570 3697 Est
1589 3633 1622 3692 id
1639 3642 1688 3691 eet.

437 3719 489 3800 ”)
529 3721 590 3784 Est
611 3719 711 3800 igitur
731 3733 873 3784 nostrum
895 3725 939 3784 tt.
961 3723 1003 3782 B.
1023 3743 1063 3776 =
1083 3735 1158 3784 uota
1179 3726 1272 3785 beue.

415 3819 484 3892 ⁰⁶⁵³)
523 3815 615 3876 Hanc
635 3811 747 3876 lineam
768 3833 832 3877 uon
859 3813 1018 3896 intelligo.

398 3903 487 3984 Μ’)
528 3907 627 3972 Plura
653 3907 829 3970 emendavi.
870 3909 940 3971 Pro
961 3927 1012 3969 eur
1030 3904 1146 3988 scripsi
1165 3925 1253 3990 quur,
1271 3927 1332 3989 pro
1353 3912 1687 3988 qumanuuerdar,
1706 3927 1768 3988 pro
1787 3911 2129 3988 quaesta-quaeue.

448 4005 487 4078 †)
527 4001 573 4062 lta
595 3999 762 4084 legendum
785 4021 853 4064 esse
873 3999 1026 4064 coniicio.
1069 4000 1244 4082 vulgatum
1266 4012 1313 4064 est
1332 4005 1520 4082 mortim.
1559 4002 1657 4081 Quod
1676 4021 1769 4063 sensu
1788 4013 1888 4064 caret.
1931 4001 1982 4064 De
2004 3994 2181 4060 variatione
2197 3991 2276 4056 soni
2292 3987 2360 4052 eius

527 4097 596 4158 dent
618 4096 719 4176 vulgo
741 4094 1002 4173 interpretantur.
1043 4095 1106 4156 Sed
1120 4093 1241 4170 nescio,
1263 4117 1329 4177 quo
1342 4117 1438 4160 nexu.
1479 4093 1642 4158 Sententia
1663 4107 1728 4158 est:
1756 4095 1799 4158 R.
1821 4095 1942 4174 rogitat
1961 4088 2182 4156 rectitudinem
2207 4086 2262 4148 vel
2286 4105 2360 4146 rasi·

524 4209 592 4250 ram
612 4209 652 4243 =
673 4187 712 4248 tt.
737 4186 889 4259 ostendit,
929 4189 1060 4250 haerere
1082 4187 1246 4250 librarium
1268 4190 1306 4250 de
1336 4188 1469 4252 veritate
1488 4186 1622 4252 alicuius
1643 4191 1817 4251 verborum
1838 4199 2063 4252 contextorum
2084 4181 2199 4263 partis.
2242 4181 2295 4244 Ut
2315 4180 2361 4238 hoe

528 4280 645 4343 clarius
667 4281 757 4342 lieret
776 4279 916 4342 ll'otlerue
936 4279 1070 4342 addidit:
1106 4303 1168 4344 nou
1195 4279 1381 4344 abolitionis
1408 4283 1463 4344 sed
1489 4280 1738 4361 caespitatiouis.
1780 4283 1922 4346 Rasurae
1949 4279 2030 4344 enim
2052 4275 2209 4360 duplicem
2232 4271 2361 4355 specien

527 4373 708 4438 distinxisse
737 4371 881 4448 videtur,
917 4373 1045 4437 alteram
1069 4393 1181 4450 verae,
1210 4373 1339 4436 alteram
1359 4375 1489 4438 lacunae
1510 4385 1642 4438 tantum.
1683 4377 1791 4455 Quare
1817 4375 1911 4452 dicit,
1945 4393 1980 4438 ee
2004 4393 2070 4437 uon
2095 4371 2203 4434 dicere
2225 4367 2360 4430 lacuum

527 4479 629 4533 natant
651 4467 841 4540 abolitione,
861 4469 917 4529 sed
936 4466 1133 4532 dubitatione
1152 4470 1191 4531 de
1212 4467 1343 4531 veritate
1363 4467 1523 4532 lectionis.

420 4567 487 4644 ††)
526 4567 602 4629 Nou
623 4581 768 4648 auguror
787 4561 989 4636 sententiam,
1018 4561 1079 4624 nisi
1100 4565 1178 4625 haec
1197 4573 1265 4626 ert:
1307 4564 1382 4624 Vau
1402 4581 1438 4624 re
1459 4581 1534 4626 vera
1557 4562 1715 4626 Graecum
1736 4577 1767 4628 et
1790 4565 1973 4628 Hebraeum
1995 4581 2080 4634 esse,
2111 4561 2167 4622 sed
2185 4556 2220 4621 iu
2243 4556 2361 4618 Graeco

529 4655 699 4720 interiisse.
747 4657 871 4736 letificat
891 4675 955 4718 nott
976 4653 1134 4734 intelligo.

396 4757 488 4834 †††)
527 4751 594 4818 Non
613 4770 653 4812 ex
675 4768 746 4811 tneo
766 4747 886 4810 addidi.

372 4853 490 4930 ††††)
530 4843 676 4924 ζητησαι.
716 4843 784 4906 Pro
804 4847 925 4922 requirit
945 4839 977 4904 in
997 4839 1157 4924 expressis
1178 4851 1226 4904 est
1244 4843 1363 4918 require

430 4945 491 5022 *ἣ
532 4943 585 5006 Ex
613 4937 663 5000 his
691 4934 798 4998 verbis
825 4935 1032 5020 intelligitur,
1060 4935 1121 5000 ictu
1149 4952 1237 4998 nono
1263 4930 1390 4996 saeculo
1417 4930 1565 5000 Hellenas
1590 4932 1622 4998 in
1651 4931 1813 4999 coenubio
1833 4933 2077 5021 sanctigallensi
2095 4929 2217 5007 luisse,
2248 4927 2315 4993 nisi
2333 4931 2361 4986 al

530 5033 653 5096 Graece
674 5030 787 5092 doctos
807 5032 930 5096 relerre
950 5029 1162 5112 praeplaceat.
