4764 6076
471 479 534 545 DE
557 477 773 548 CARMINE
794 479 972 563 tunultu
991 479 1320 569 Ptcnuvluttsts
1362 479 1468 550 CAP·
1492 481 1589 550 vttt.
1987 486 2035 550 Ll

21 661 68 728 ab
94 659 239 756 antiquo
264 661 405 733 scotico
431 658 630 733 charactere
656 658 891 758 aliquantum,
924 659 1085 760 inprimis
1111 659 1277 734 tenuitate
1302 659 1482 736 literarum
1507 661 1685 735 recedens.
1735 661 1803 735 Sed
1830 689 1941 760 quum
1964 663 2035 736 iam

21 779 182 852 iuniores
207 781 274 852 bac
297 779 470 880 scriptura
494 793 693 865 uterentur,
718 782 872 856 seniores
898 783 935 853 in
961 782 1104 881 mitique
1127 783 1365 884 perstiterunt.
1416 784 1620 884 Explicatur
1644 786 1703 869 ita,
1735 785 1832 885 quod
1858 785 2035 885 antiquior

21 899 203 974 literarum
228 903 341 975 forma
373 902 477 976 iniis
502 905 590 980 locis
615 903 807 1005 reperitur,
847 929 889 976 ex
922 904 1048 1003 quibus
1074 905 1268 1004 colligitur,
1306 905 1415 980 serius
1447 908 1579 1007 scripta
1604 933 1677 980 esse
1702 905 1804 996 haec,
1845 933 1951 1005 quarn
1976 933 2034 992 ea,

21 1049 116 1118 quae
141 1024 278 1098 iuniore
304 1025 505 1101 charactere
531 1046 677 1099 exstant.

789 1261 1297 1290 ⁴*-

845 1439 877 1516 C
903 1442 943 1516 Α
969 1439 1015 1518 Ρ.
1083 1439 1221 1520 VIII.

358 1637 458 1714 lm
499 1633 818 1714 celamur.
862 1635 1158 1714 mltum!
1193 1633 1708 1717 Plenavmusls·

822 1985 827 2010 ’
957 2039 990 2140 ς.
1019 2039 1101 2112 127.

125 2183 177 2248 De
204 2177 358 2250 carmine
385 2175 507 2248 Hilarii
531 2173 712 2262 nondum,
748 2196 919 2272 quantum
943 2174 1033 2248 mihi
1058 2176 1204 2274 quidem
1227 2176 1398 2262 innotuit,
1429 2176 1541 2262 edito,
1578 2177 1675 2275 quod
1701 2177 1738 2249 iu
1763 2178 1897 2252 codicis
1922 2181 2037 2252 fronte

21 2301 134 2386 vides,
162 2299 258 2372 idern
282 2298 389 2381 valet,
415 2297 513 2394 quod
538 2297 576 2369 in
602 2296 738 2370 Hilarii
761 2297 916 2370 editione
942 2296 1166 2370 benedictina
1191 2297 1236 2368 de
1263 2297 1338 2370 eius
1348 2297 1387 2397 1)
1413 2297 1451 2370 in
1476 2299 1630 2372 Genesin
1656 2301 1808 2374 carmine
1833 2301 1959 2398 legitur
1983 2302 2038 2373 his

21 2424 163 2496 verbis:
1535 2433 1536 2440 '
1693 2515 1695 2520 Α

127 2543 246 2642 [,‚boc
271 2545 428 2641 carmen]
455 2542 594 2616 videtur
618 2543 751 2643 primus
776 2564 902 2642 poetae
929 2562 1092 2628 conatus,
1128 2567 1268 2622 carmen
1293 2567 1367 2615 non
1392 2563 1464 2614 tam
1488 2541 1669 2615 scribentis
1698 2569 1804 2640 quam
1827 2543 2038 2629 meditantis,

21 2665 124 2766 quod
154 2665 285 2762 ubique
318 2662 526 2738 foedissimis
560 2685 669 2737 scatet
703 2663 822 2736 erratis
854 2663 951 2736 etin
976 2689 1049 2761 quo
1074 2662 1132 2736 vix
1157 2663 1248 2736 ullae
1274 2661 1377 2735 metri
1401 2663 1495 2762 leges
1521 2666 1737 2746 observatae,
1774 2664 1894 2763 plures
1919 2689 2038 2737 versus

21 2815 97 2862 uon
126 2786 296 2872 absoluti,
323 2785 381 2858 vix
405 2786 481 2887 ipsa
506 2785 656 2878 delibata
680 2786 867 2858 materies“
880 2783 954 2885 i³³⁶¹).

125 2914 206 2980 Iure
232 2906 429 2996 dubitatur,
472 2935 614 2982 carmen
641 2915 802 2982 nostmm
834 2908 1056 2982 Pictaviensis
1090 2933 1174 2980 esse.
1225 2912 1312 2980 Fere
1345 2906 1442 2981 solus
1467 2907 1562 2979 enim
1587 2906 1800 3004 antiquitatis
1825 2907 2039 2982 Christianae

22 3030 265 3130 lrymnologus
291 3030 552 3104 existimabatur
566 3030 662 3132 111).
714 3031 818 3105 Unde
844 3031 887 3104 ad
912 3029 1013 3103 illurn
1039 3056 1128 3130 quae
1153 3029 1228 3102 sine
1253 3029 1398 3102 nomine
1423 3029 1687 3130 reperiebantur
1712 3028 1881 3116 carmina,
1920 3030 2041 3102 referri

24 3172 297 3226 consueverunt.

125 3275 300 3347 Tironnm
325 3276 361 3347 in
387 3278 549 3374 gratiam,
576 3280 679 3348 verba
704 3261 866 3349 carminis
891 3303 910 3347 a
935 3275 1128 3376 typothetis
1153 3273 1345 3373 repetenda
1371 3274 1465 3346 duxi.
1517 3279 1605 3345 Sunt
1629 3291 1748 3344 autem
1770 3273 1875 3344 haec:

505 3415 643 3480 Carmen
664 3413 770 3476 hilarii
790 3413 983 3494 pictavensis
1004 3413 1148 3493 episcopi
1170 3415 1208 3474 de
1230 3409 1398 3492 evangelio

507 3516 656 3582 Christus
676 3515 730 3578 hic
750 3519 846 3580 floret
873 3521 972 3580 decor
993 3514 1020 3578 is
1040 3515 1179 3600 fonsque
1200 3513 1348 3593 perennis

503 3621 597 3684 Hunc
618 3630 787 3702 postquam
811 3623 913 3682 verbo
935 3629 1124 3698 conceptum
1146 3615 1283 3680 oraminis
1305 3615 1360 3680 alti

507 3725 606 3786 Plena
628 3726 688 3786 deo
711 3721 806 3807 virgo
829 3733 921 3786 utero
942 3733 990 3784 eet
1010 3720 1103 3784 enixa
1126 3719 1245 3800 pudico

507 3825 703 3906 Ellulsitque
724 3845 826 3888 novus
848 3823 943 3888 terris
965 3823 1177 3906 gaudentibus
1198 3824 1301 3886 infans

502 3931 656 3995 Protinus
678 3928 821 4011 implevit
841 3939 942 3992 toturn
964 3926 1020 3990 lux
1042 3925 1163 3990 clarior
1184 3928 1295 3989 orbem
1457 3929 1474 3986 5

508 4037 657 4114 Desuper
678 4043 763 4096 astra
783 4030 855 4112 pios
877 4033 915 4108 †)
936 4028 1058 4094 inhiant
1079 4027 1254 4108 spectantia
1277 4027 1380 4090 vtrllus

508 4141 616 4220 Atque
637 4139 734 4198 decus
755 4147 840 4198 tutuu
862 4115 922 4197 ianr
944 4132 1039 4196 terris
1060 4131 1180 4194 invidet
1200 4134 1309 4196 aether

507 4243 552 4305 At
573 4239 666 4302 tellus
687 4237 793 4302 ridens
814 4239 949 4301 laetatur
969 4235 1111 4320 genuine
1132 4254 1226 4297 sacro

506 4341 637 4426 spargit
656 4344 784 4406 huruuua
806 4340 903 4405 violis
923 4339 1026 4403 alieno
1048 4351 1192 4421 ternpore

507 4448 615 4508 Aurea
636 4465 818 4528 purpureos
838 4441 994 4508 submittit
1015 4440 1134 4522 cespite
1155 4443 1273 4505 flores·
1433 4446 1471 4504 10

41 4605 420 4624 μ

96 4809 146 4876 ²²³)
190 4801 246 4862 Cl.
269 4798 422 4882 prolegg.
444 4818 517 4876 cap.
540 4799 730 4858 ‹leexterna
750 4745 826 4855 libri
848 4791 944 4854 facie.

75 4895 147 4970 aas)
190 4885 1087 4975 0111111111οῶοο.1,1.(Βῑι11.ιηεις.Χ
1111 4907 1187 4966 pag.
1211 4885 1280 4946 181.
1303 4887 1347 4960 1.)
1384 4883 1481 4944 Fracte·
1500 4882 1615 4946 llutiru'
1644 4887 1682 4948 tle
1704 4885 1771 4950 dit.
1794 4886 1900 4951 office.
1923 4821 2038 4968 (Bibl.

192 5007 276 5072 11118.
283 4987 345 5049 ·.Χ
367 5007 443 5067 pag.
465 4985 536 5046 278.
559 4985 605 5058 e.)
645 4978 938 5043 Gemmaatmaet
965 4973 1184 5040 LXXXVII.
1207 4976 1317 5050 (Bibl.
1340 4997 1424 5059 mag.
1447 4977 1603 5060 11011.)
1704 5013 1707 5020 .

109 5085 149 5158 †)
192 5080 324 5164 Signum
347 5083 522 5161 superpiae
541 5075 678 5158 positum
701 5072 858 5157 significat
877 5074 928 5133 vu.
982 5063 1087 5134 Etiatit
1110 5070 1163 5136 hic
1184 5069 1376 5151 singularem
1398 5090 1554 5151 reponare
1576 5069 1758 5135 voluisse
1739 5073 2037 5152 rideturlibrarius,

192 5187 226 5238 ut
249 5195 345 5256 super
363 5177 465 5236 11111111.
506 5171 569 5232 Sed
590 5167 691 5232 hiatus
712 5188 782 5230 euru
805 5164 971 5230 retinuisse
992 5163 1131 5227 videtur.

1499 5271 1515 5326 7
1538 5265 1555 5298 ἢ
