4764 6076
263 482 326 548 DE
347 483 489 547 Norls
510 479 833 548 MANUSCRIPTl
854 462 1596 548 sANoAttENsts'manumittimus
1639 482 1745 548 CAP.
1767 483 1830 549 vt.
1932 486 2057 552 XXIX

242 665 320 734 Hoc
345 683 478 733 nomen
504 657 719 730 rarissimum
744 677 806 730 est.
857 661 976 752 Quare
1002 687 1114 759 quum
1137 686 1203 760 per
1227 687 1264 732 se
1281 661 1351 732 iam
1366 661 1412 732 sit
1428 659 1631 742 verisimile,
1656 664 1704 733 oh
1718 661 1921 736 interiorem
1937 689 2057 737 neces-

144 781 336 854 situdinem
361 806 451 880 quae
477 781 568 854 inter
583 777 841 878 sangallensem
866 801 902 852 et
927 779 1200 852 Boernerianum
1224 781 1429 868 intercedit,
1454 780 1493 850 in
1517 799 1670 876 utroque
1697 780 1846 854 eandem
1869 807 2057 881 personam

144 901 338 1000 indigitari,
380 903 453 974 hoc
478 901 554 1001 ipsa
577 900 731 972 nominis
758 899 894 972 raritate
921 921 956 972 et
981 901 1055 974 aliis
1082 902 1187 974 etiam
1212 903 1387 988 firmatur,
1429 901 1473 974 de
1500 901 1626 998 quibus
1650 902 1766 972 statim
1792 900 1917 974 dicam.
1969 909 2057 976 Fere
2164 885 2167 890 ¹

142 1023 283 1122 triginta
315 1023 410 1095 enim
444 1023 524 1095 loca
553 1041 634 1093 sunt
665 1020 848 1120 utriusque
878 1021 957 1093 libri
990 1023 1239 1122 manuscripti,
1274 1024 1311 1094 in
1345 1021 1472 1120 quibus
1504 1022 1659 1115 Agaron
1688 1020 1824 1092 citatur.
1887 1022 1996 1114 Quod
2029 1024 2059 1094 si

142 1163 303 1218 naturam
326 1143 459 1218 horum
483 1142 648 1215 locorum
679 1162 834 1242 spectes,
873 1140 916 1212 ad
950 1167 1061 1213 unum
1093 1168 1217 1214 omnes
1250 1142 1382 1214 ascesin
1414 1162 1591 1243 spectant,
1632 1145 1809 1215 bonorum
1842 1143 2059 1216 terrestrium

143 1287 364 1340 contemtum
391 1264 537 1350 docent,
583 1263 819 1335 austeritatem
844 1262 952 1351 vitae,
994 1261 1172 1334 silentium
1198 1263 1288 1336 adeo
1314 1263 1575 1336 commendant.
1638 1268 1760 1359 Itaque
1786 1262 1885 1334 sacile
1912 1264 1954 1335 ad
1981 1289 2060 1336 sen·

141 1385 287 1468 tentiam
321 1384 550 1471 deducimur,
588 1384 797 1478 Aganonem
831 1383 875 1456 de
908 1384 978 1458 vita
1010 1383 1202 1454 monastica
1236 1409 1345 1482 eaque
1378 1385 1550 1456 severiore
1584 1383 1771 1484 scripsisse.
1841 1389 1956 1484 Atque
1988 1384 2060 1458 hoc

146 1505 242 1577 idem
268 1505 306 1576 in
332 1531 413 1576 eum
438 1509 643 1601 Aganonem
668 1503 778 1585 cadit,
821 1503 882 1601 qui
907 1503 1003 1575 solus
1028 1502 1100 1574 hoc
1125 1502 1269 1574 nomine
1294 1504 1396 1577 nobis
1421 1506 1593 1594 innotuit,
1635 1507 1845 1606 episcopum
1869 1512 2061 1580 carnoten·

145 1652 240 1712 sem,
274 1625 336 1724 qui
361 1629 413 1696 IX
437 1624 573 1696 kalend.
600 1629 735 1696 Ianuar.
761 1627 988 1696 Dccccxtl
1014 1623 1135 1696 indict.
1161 1629 1243 1695 XIV
1269 1625 1363 1696 diem
1389 1653 1593 1726 supremum
1619 1628 1717 1700 obiit.
1767 1629 1832 1701 Hic
1857 1634 1978 1726 Agano
2003 1631 2060 1702 vel

148 1753 337 1846 Haganon‚
373 1746 539 1819 Aimerici
571 1746 754 1845 prosimus
779 1770 977 1832 successor,
1010 1745 1263 1816 monasterium
1286 1749 1319 1817 S.
1345 1745 1437 1817 Petri
1462 1747 1501 1816 in
1525 1749 1613 1820 valle
1639 1753 1685 1838 (S.
1711 1749 1827 1821 Pierre
1855 1775 1900 1820 en
1916 1751 2059 1850 Valles),

147 1899 167 1942 a
191 1869 349 1972 paganis,
376 1869 399 1942 i.
429 1895 459 1941 e.
485 1867 724 1948 Nortmannis,
750 1890 861 1965 paene
887 1863 925 1934 in
949 1863 1178 1936 solitudinem
1203 1864 1402 1948 redactum,
1433 1893 1451 1936 a
1478 1866 1706 1940 fundamento
1733 1867 1986 1954 reaedificavit,
2029 1883 2062 1942 et

142 1993 315 2065 cunonr'w
347 1990 560 2060 institutione
588 1986 787 2060 clerr’comin
823 1987 1001 2056 instruxti.
1043 1985 1093 2056 Cf.
1165 1989 1252 2058 Acta
1284 1989 1509 2060 Sanctorum
1526 1988 1603 2060 ord.
1637 1993 1670 2061 S.
1701 1989 1889 2069 Benedicti,
1923 1993 1998 2062 Sec.
2032 1995 2061 2058 V

141 2141 162 2186 a
196 2111 336 2186 Christo
362 2117 408 2182 X.
445 2107 506 2183 fol.
535 2109 617 2180 280.
655 2105 737 2179 0011.
771 2106 854 2179 908.
915 2109 968 2176 Ex
1000 2105 1163 2205 proxime
1198 2106 1341 2179 laudato
1373 2107 1455 2181 loco
1488 2128 1601 2208 patet,
1641 2107 1912 2179 instrumentum
1945 2107 2062 2208 ipsum

143 2231 374 2306 restitutionis
399 2228 602 2304 monasterii
627 2227 721 2300 illius
746 2227 916 2320 saganam
949 2223 1021 2298 dici
1053 2227 1285 2302 consuevisse.
1352 2229 1511 2302 Conferri
1545 2229 1648 2301 etiam
1680 2249 1859 2300 merentur
1893 2256 1981 2327 quae
2016 2229 2060 2303 de

142 2356 211 2427 hac
240 2381 276 2426 re
303 2354 461 2455 exposita
486 2349 629 2424 suntin
655 2349 705 2420 da
730 2347 860 2420 Fresna
885 2347 1038 2417 Glossar.
1064 2345 1087 2418 l.
1114 2375 1144 2418 c.
1171 2351 1235 2418 sub
1261 2375 1338 2422 voc,
1364 2353 1521 2445 Aganon.
1575 2346 1797 2421 Matthaer'us
1822 2348 1866 2422 de
1892 2355 2059 2446 Agnnone
2132 2397 2152 2434 ,-

142 2501 187 2548 ne
213 2478 359 2549 verbum
385 2471 541 2570 quidem.
593 2468 716 2541 Obiter
740 2467 853 2565 tetigit
877 2465 1110 2540 Mabr'llomirs
1124 2469 1162 2539 in
1178 2469 1355 2542 annalium
1372 2471 1449 2542 ord.
1467 2475 1570 2544 Tom.
1587 2477 1655 2558 111,
1682 2471 1741 2543 lib.
1752 2475 1899 2542 XXXV.
1926 2469 2057 2544 10101.

144 2596 240 2676 med.
270 2597 330 2669 lib.
359 2599 464 2666 XLV.
490 2592 552 2665 sol.
581 2587 749 2662 500101.
776 2592 880 2661 Tom.
907 2591 934 2660 1.
960 2585 1020 2659 lib.
1048 2593 1110 2674 Vl,
1138 2589 1197 2660 fol.
1228 2590 1308 2680 147.

991 2731 1025 2831 ς.
1052 2727 1110 2800 72.

51 2871 149 2944 deest
173 2871 273 2966 (nam
300 2869 348 2939 ita
372 2864 461 2967 poni
483 2865 545 2936 hic
569 2885 702 2966 potest,
729 2845 840 2962 quum
865 2863 1119 2964 compendium
1144 2864 1241 2937 vocis
1264 2878 1314 2937 est
1338 2890 1404 2963 per
1425 2884 1540 2936 totum
1567 2862 1728 2934 codicem
1745 2863 1943 2964 saepissime
1961 2879 2062 2964 repe·

181 2992 288 3089 tatur)
313 3013 391 3088 pag.
418 2987 483 3079 48,
517 2985 579 3058 110.
607 2985 640 3058 7.
671 2985 761 3077 124,
790 2981 875 3071 150,
903 2985 985 3058 390.

73 3115 157 3194 ‘0¹3-
181 3137 259 3213 pag.
289 3114 379 3202 144,
407 3105 496 3196 159,
525 3109 617 3194 220,
645 3106 736 3198 548,
764 3102 856 3191 375,
890 3106 946 3178 vel
972 3103 1107 3178 omissis
1132 3103 1311 3204 punctulis
1336 3130 1413 3204 pag.
1443 3100 1531 3190 159,
1558 3103 1653 3174 idem
1679 3103 1716 3172 in
1742 3103 1987 3176 Boerneriano.

70 3241 160 3322 ’πῖ-
186 3239 247 3314 101.
276 3240 297 3309 3
324 3263 442 3320 verso,
469 3236 530 3310 fol.
558 3237 582 3307 6
607 3260 727 3322 verso,
761 3236 822 3307 sol.
852 3238 897 3307 10
918 3262 1044 3322 ¹verso,
1077 3235 1137 3308 fol.
1165 3236 1213 3307 20
1239 3261 1359 3324 verso,
1393 3233 1454 3332 101.
1482 3234 1529 3305 02
1555 3257 1674 3317 verso,
1712 3231 1771 3304 fol.
1800 3233 1867 3316 77,
1905 3233 1964 3304 fol.
1992 3232 2058 3324 84,

181 3369 242 3442 101.
269 3367 318 3440 92
343 3390 463 3450 verso,
491 3364 551 3435 sol.
578 3363 638 3436 93.
1146 3395 1152 3406 ·

53 3491 148 3563 deest
181 3490 364 3582 ingmaro
390 3486 451 3556 sol.
479 3483 524 3553 23
552 3507 664 3556 verso.
953 3555 955 3562 ,

239 3608 335 3702 Quid
362 3606 426 3679 illo
451 3605 552 3702 signo
577 3602 634 3676 vel
659 3603 832 3675 vocabulo
857 3605 1073 3704 significetur
1106 3629 1150 3676 eo
1183 3602 1299 3673 minus
1315 3612 1317 3617 ’
1331 3600 1478 3696 dubium
1505 3625 1577 3671 esse
1603 3617 1738 3698 potest,
1778 3625 1889 3697 quum
1914 3599 1951 3668 in
1976 3624 2061 3697 pro-

141 3733 234 3805 xime
261 3729 444 3804 nominato
470 3725 695 3800 Boerneriani
719 3725 802 3797 loco
829 3725 984 3798 dilucide
1008 3727 1081 3799 hoc
1106 3749 1307 3824 expressum
1334 3724 1388 3796 sit
1437 3728 1515 3821 Pag.
1541 3721 1769 3819 sangallensis
1798 3721 1869 3813 124
1900 3721 2060 3792 librarius

145 3875 218 3927 erat
243 3851 505 3949 indignaturus,
530 3869 614 3949 post
639 3877 741 3922 error
761 3847 899 3934 deesse,
926 3847 1025 3946 quod
1050 3846 1088 3917 in
1114 3844 1220 3918 codd.
1247 3849 1330 3917 BCL
1355 3845 1430 3916 aliis
1456 3864 1580 3916 exstat:
1608 3843 1710 3918 attor
1735 3843 1771 3906 δε
1790 3841 1903 3922 testor
1929 3842 2061 3923 λογκην,

142 3987 250 4068 erugari
270 4007 373 4051 aaron
393 4005 453 4064 την
472 3984 633 4069 relevatae,
654 4003 713 4047 και
732 3979 875 4060 εξηλθεν
894 3981 982 4064 adop
1003 4001 1061 4043 και
1081 3959 1179 4061 oruc.
1230 3979 1309 4066 Pag.
1340 3971 1409 4060 144
1435 3968 1581 4065 aliisque
1606 3969 1676 4038 iam
1701 3969 1802 4040 locus
1820 3993 1948 4041 vacuus
1964 3970 2061 4040 laeu-

146 4131 228 4177 nam
253 4079 419 4178 ostendii.
489 4099 633 4172 Maximi
658 4119 775 4172 autem
800 4097 973 4172 momenti
998 4114 1066 4182 est,
1112 4093 1210 4193 quod
1236 4091 1344 4164 semel
1375 4091 1413 4160 in
1439 4090 1673 4162 Boerneriano
1699 4089 1858 4175 additur,
1905 4089 1999 4161 deest
2022 4093 2060 4162 r'rr

147 4227 292 4302 Graeco.
354 4224 441 4298 Inde
476 4223 570 4296 enim
603 4221 723 4320 colligi
753 4247 857 4324 posse
883 4219 1038 4301 videtur,
1076 4242 1150 4289 000
1176 4215 1219 4288 ad
1246 4211 1538 4286 Graeco-Latina
1561 4211 1622 4284 sed
1649 4209 1692 4282 ad
1719 4214 1852 4281 Graeca
1879 4227 1914 4280 et
1938 4195 2087 4280 Latina*
2147 4267 2151 4276 .

144 4350 305 4450 exempla
329 4369 470 4422 nostros
496 4373 569 4420 esse
596 4365 762 4417 exaratos.

1012 4530 1021 4548 .
1047 4475 1105 4546 73.

36 4627 120 4699 Ea:
150 4651 229 4725 pag.
257 4625 339 4719 124.
987 4473 1011 4573 s

39 4747 107 4823 Gr.
138 4773 216 4848 pag.
241 4746 323 4838 124.

33 4879 105 4966 Γρ.
136 4878 261 4958 Boerm
289 4866 349 4939 fol.
377 4861 422 4938 57
449 4889 561 4938 verso.

31 5001 94 5071 eb]
128 5000 253 5066 Boern.
279 4989 340 5061 sol.
366 4985 410 5060 57
435 5011 566 5068 verso,
591 4982 652 5057 101.
673 4983 718 5055 77
740 5003 853 5052 verso.

29 5148 108 5218 gre.
136 5138 173 5190 et
198 5125 321 5187 contra
341 5137 411 5208 gre.
438 5105 581 5195 similia,
613 5101 812 5207 saepissime
837 5099 876 5172 10
901 5103 1063 5208 Hoerner.
