4764 6076
336 413 553 486 comeum
574 385 925 486 sanonnnssttsts
946 419 1008 486 ΕΤ
1030 419 1264 488 BOERNER.
1287 419 1495 486 COGNAT.
1539 419 1645 486 CAP.
1667 424 1731 488 lv.
1952 424 2040 489 xlx

28 599 153 674 credo:
190 598 289 674 Inter
319 625 451 682 omnes,
481 611 649 699 qnotqttol
681 601 755 672 sirm
791 601 934 672 tractati
961 614 1044 674 sunt
1074 601 1225 688 aedues,
1259 600 1330 674 dim
1363 628 1435 674 nnn
1467 604 1693 701 reperiuntur,
1724 603 1789 699 qui
1817 615 1956 676 tantam
1989 609 2046 676 sui
2086 621 2091 632 ’

26 725 174 796 nartem
206 721 469 796 stinilt'tndt'nem
492 731 758 821 repraesentent,
792 721 882 796 adeo
905 749 944 796 se
958 725 1093 826 fratres
1114 723 1279 822 gunellae
1303 725 1479 811 ἰασίίιιιιι,
1513 749 1619 823 quam
1642 723 1974 799 Boernert'nnns
1999 741 2042 800 et

25 843 353 942 Sangallenst's.
925 852 927 856 ’

447 1061 451 1070 .
964 999 996 1100 §.
1036 1000 1095 1092 46.

126 1141 283 1236 Namque
319 1135 536 1240 L'udolpdus
576 1137 751 1212 Kusterus
775 1139 812 1240 ⁴²)
857 1138 1131 1211 boerneriannm
1165 1139 1212 1211 ita
1252 1123 1436 1212 describit:
1483 1187 1499 1222 a
1518 1138 1631 1212 codex
1670 1159 1728 1210 est.
1760 1142 2044 1210 membranaceus

27 1259 67 1328 in
93 1265 128 1350 4.
157 1303 200 1318 -
230 1307 279 1323 -
304 1261 364 1363 ΜΕ)
389 1261 546 1361 Scriptus
572 1281 624 1332 est
647 1261 757 1333 literis
782 1262 925 1334 Graecis
950 1261 1168 1350 maiusculis,
1195 1288 1268 1335 non
1294 1263 1440 1361 quidem
1464 1261 1702 1336 vetustissimis
1718 1260 1803 1348 illis,
1830 1285 1918 1358 quae
1937 1261 2042 1358 vulgo

27 1381 185 1454 unciales
211 1403 256 1464 et,
272 1382 463 1482 quadratae
484 1383 731 1484 appellantur,·
757 1384 818 1456 sed
845 1385 952 1486 paulo
979 1384 1244 1460 rotundioribus
1277 1406 1312 1458 et
1344 1386 1559 1474 minoribus,
1589 1410 1764 1482 nusquam
1796 1383 1861 1456 sibi
1893 1384 2045 1456 invicem

26 1502 171 1602 illigatis
197 1503 261 1578 sed
286 1505 409 1579 solutis
435 1526 470 1578 et
495 1507 675 1606 separatis,
702 1487 800 1605 quod
825 1507 1041 1606 antiquitatis
1068 1527 1119 1581 est
1143 1508 1291 1606 signum
1342 1515 1444 1582 Caret
1464 1509 1560 1582 idem
1580 1506 1780 1582 accentibus
1808 1527 1843 1578 et
1870 1505 2047 1606 spiritibus

28 1625 177 1726 eiusque
207 1627 379 1729 scriptura
403 1648 555 1704 nonest
580 1629 769 1718 continua,
805 1631 866 1704 sed
891 1631 1080 1730 pleraeque
1106 1656 1211 1706 voces
1235 1629 1419 1706 int'ervnllo
1446 1631 1566 1730 aliquo
1591 1658 1611 1705 a
1636 1657 1672 1702 se
1698 1630 1851 1706 invicem
1876 1628 2046 1700 discretae

28 1769 131 1831 sunt,
159 1751 257 1847 quod
283 1752 395 1852 arguit
421 1752 566 1851 quidem
593 1779 666 1824 esse
691 1753 799 1854 paulo
824 1751 998 1826 inferioris
1023 1755 1162 1843 aetatis,
1189 1781 1297 1854 quam
1316 1755 1576 1854 antiquissimos
1594 1754 1675 1828 illos
1692 1751 1833 1825 codices
1858 1751 1895 1820 in
1921 1750 2047 1848 quibus

29 1871 130 1942 nulla
155 1892 206 1944 est
227 1900 357 1947 vocum
380 1873 577 1967 distincti03
608 1875 672 1964 sed
696 1897 812 1949 tamen
833 1877 918 1949 aliae
944 1877 1122 1950 vetustatis
1144 1897 1266 1965 notae,
1303 1905 1387 1978 quas
1414 1879 1584 1978 praefert,
1618 1876 1699 1950 satis
1719 1873 1930 1958 ostendunt,
1964 1865 2046 1942 eum

29 1994 321 2092 octingentorum
346 2019 519 2072 annorum
544 2018 692 2072 aetatem
718 2000 896 2074 excedere.
924 2045 973 2059 -
996 2047 1046 2060 -
1071 1999 1155 2092 *²343
2057 1980 2062 1992 ¹

975 2167 1008 2268 §.
1047 2167 1108 2256 47.

129 2295 327 2375 Librarium
355 2317 475 2370 autem
498 2318 621 2376 nactos
650 2311 704 2371 est
731 2301 832 2372 valde
859 2300 1063 2400 imperitum
1086 2291 1126 2374 'et
1149 2302 1376 2384 oscitantem,
1414 2302 1548 2401 quippe
1575 2304 1639 2400 qui
1663 2325 1738 2374 non
1765 2300 1882 2372 solum
1913 2313 2049 2366 textum

28 2423 211 2490 Graecum
232 2421 382 2518 pessime
409 2420 589 2500 interdum
610 2421 781 2509 distinxit,
815 2423 940 2523 positis
964 2425 1133 2499 nimirum
1157 2425 1297 2524 punctis
1325 2445 1361 2497 et
1384 2424 1493 2496 literis
1517 2419 1777 2522 grandioribus,
1811 2441 1978 2516 tanquam
2005 2414 2048 2486 ad

28 2563 147 2610 novae
172 2539 312 2638 periodi
330 2535 488 2632 initium,
514 2544 552 2616 in
576 2545 693 2616 media
709 2571 811 2645 saepe
829 2547 1013 2630 sententia,
1039 2548 1102 2620 ubi
1117 2547 1213 2618 nulla
1230 2548 1377 2620 omnino
1400 2547 1579 2620 distinctio
1598 2546 1655 2620 vel
1672 2542 1911 2645 interpunctio
1928 2542 2051 2613 locum

30 2661 159 2752 habet;
185 2648 247 2734 sad
273 2664 378 2736 etlam
401 2692 475 2740 non
500 2691 581 2741 raro
606 2668 744 2740 literam
768 2668 938 2740 initialem
961 2671 1059 2743 vocis
1085 2670 1262 2768 sequentis
1281 2671 1446 2742 annexuit
1465 2670 1515 2755 ei,
1541 2695 1631 2767 quae
1647 2665 1842 2766 praecedit,
1870 2683 1904 2734 et
1927 2679 2050 2733 contra
2174 2709 2181 2724 .

29 2781 173 2855 literam
198 2804 414 2884 postremam
438 2791 535 2864 vocis
560 2791 804 2891 praecedentis
827 2793 948 2864 retulit
972 2791 1015 2864 ad
1042 2793 1181 2866 initium
1207 2792 1394 2891 sequentis.
1419 2797 1458 2892 †)
1812 2775 1816 2782 ¹

975 2971 1009 3072 §.
1048 2971 1107 3060 48.

134 3105 314 3174 Praeterea
345 3103 484 3176 vocales
518 3122 553 3174 et
578 3101 821 3202 diphthongos
846 3127 861 3168 ε
886 3125 921 3176 et
948 3121 1000 3180 at,
1024 3107 1180 3206 itemque
1206 3131 1244 3186 η,
1264 3132 1291 3186 ι,
1318 3128 1354 3180 et
1378 3131 1407 3172 tt
1431 3108 1562 3205 ubique
1592 3107 1662 3178 fere
1690 3107 1814 3206 supina
1840 3101 2052 3204 negligentia

30 3221 226 3324 permiscet
233 3253 244 3314 ;
270 3224 331 3294 sed
359 3251 448 3323 quae
473 3225 598 3299 vitiosa
622 3225 798 3298 scribendi
822 3227 1043 3300 consuetudo
1066 3227 1119 3300 illi
1143 3251 1226 3302 oum
1251 3231 1415 3304 omnibns
1439 3231 1510 3326 fere
1535 3225 1709 3304 veteribus
1729 3225 1877 3298 librariis
1902 3223 2053 3323 pessima

31 3345 237 3417 communis
262 3365 324 3417 est.
374 3346 429 3416 Ad
454 3347 560 3418 huius
585 3349 719 3443 generis
742 3348 845 3436 vitia,
871 3377 959 3446 quae
986 3350 1152 3423 nimirum
1174 3379 1242 3425 usu
1267 3351 1360 3454 apud
1374 3352 1524 3451 ⁸priscos
1549 3351 1628 3424 illos
1650 3348 1809 3421 librarios
1836 3347 2054 3421 invaluerant

33 3468 144 3540 etiam
170 3469 288 3542 refero·
309 3467 435 3558 λῆμψις
454 3487 522 3569 pro
547 3470 666 3556 λῆψιςς
685 3467 865 3556 thapsam
883 3497 952 3570 pro
978 3471 1131 3564 λήψομαι
1157 3497 1192 3546 et
1217 3475 1282 3546 alia
1305 3472 1411 3546 huius
1437 3471 1583 3570 generis.

1010 3707 1019 3726 .
1082 3651 1116 3726 9.

136 3791 203 3862 Sed
230 3789 309 3862 satis
335 3790 379 3862 de
406 3811 503 3863 textu
528 3795 665 3866 Graeco
692 3791 825 3864 codicis
850 3652 1083 3863 Boerneiiani.
1130 3788 1179 3862 Ei
1211 3791 1253 3860 ab
1287 3788 1410 3860 eadem
1442 3813 1549 3860 manu
1574 3786 1692 3860 addita
1717 3806 1769 3860 est
1793 3786 1907 3858 versio
1932 3784 2055 3856 Latina

35 3912 289 3996 interlinearis,
316 3913 441 3986 veteris
466 3913 605 3988 Italicae
627 3921 689 4006 ††)
722 3935 757 3986 et
781 3914 875 4014 apud
901 3912 1045 3988 Latinos
1071 3912 1177 4010 vulgo
1203 3931 1363 4013 receptae
1387 3908 1649 4010 proculdubio
1674 3933 1858 4007 propago,
1885 3931 1927 3978 ex
1952 3903 2052 3976 cuius

33 4036 231 4138 scriptura,
256 4034 295 4106 in
312 4062 381 4133 qua
396 4035 512 4110 literas
529 4035 697 4135 quasdam
720 4035 1052 4134 anglo-saxonicas
1073 4033 1162 4108 mihi
1178 4034 1271 4108 visus
1288 4060 1367 4108 sum
1386 4036 1586 4119 observare,
1604 4035 1689 4131 ἦῆ)
1715 4029 1865 4129 colligo,
1889 4026 2054 4102 codicem

163 4387 221 4454 Cl.
242 4387 434 4470 praefation.
457 4391 496 4450 ad
516 4386 561 4453 Ν.
584 4390 624 4451 Τ.
645 4387 721 4452 edit.
743 4385 924 4450 Anistelod.
947 4389 1038 4452 1710.

88 4393 105 4426 s

72 4393 121 4578 “i
162 4497 285 4562 Verbis
303 4498 357 4562 hic
378 4496 505 4564 omissis
524 4496 659 4562 indicem
681 4517 788 4560 earum
810 4497 1039 4579 epistolarum,
1061 4496 1194 4580 quaein
1215 4493 1437 4560 Bnernerisno
1459 4505 1627 4559 contentae
1647 4501 1737 4567 sunt,
1757 4491 1903 4572 praebet.

45 4615 120 4687 aas)
160 4607 283 4672 Verbis
304 4607 356 4671 bic
376 4606 531 4694 neglectis
550 4619 722 4672 contextus
736 4605 947 4671 Boerneriani
967 4627 1038 4668 cum
1054 4603 1222 4684 codicibus
1243 4604 1497 4669 claromontano
1512 4615 1543 4668 et
1557 4598 1823 4688 sangermanensi
1836 4594 2055 4682 componitur,

130 4771 134 4778 ,
162 4706 251 4784 quod
271 4699 302 4765 in
323 4702 497 4782 evangeliis
518 4701 588 4764 beri
609 4700 769 4785 nequivit,
790 4700 865 4785 quia
886 4699 940 4763 isti
960 4699 1090 4764 codices
1110 4696 1277 4781 evangelia
1297 4717 1363 4765 non
1384 4697 1561 4764 continent.

84 4819 123 4890 †)
164 4811 324 4892 Exempla
344 4810 438 4874 baius
459 4811 507 4876 rei
527 4833 568 4876 ex
590 4809 733 4894 epistolis
753 4811 976 4892 proferuntur.
1017 4811 1108 4890 Quae
1129 4806 1236 4874 otnisi.

55 4927 122 5002 ††)
164 4925 240 4988 Non
249 4921 336 5080 ssatis
355 4932 503 5078 plasmate
522 4919 651 4986 locutus
671 4935 718 4986 est
738 4920 887 4986 aaran.
928 4921 1012 4984 Nam
1039 4915 1251 4986 Boernerinni
1276 4915 1384 4983 versio
1413 4914 1530 4984 Latina
1556 4915 1696 4981 eiusdem
1722 4911 1815 4998 plane
1842 4909 1961 4978 indolis
1989 4919 2054 4987 est,

165 5036 228 5100 qua
273 5037 354 5099 auga
379 5035 477 5078 ensis.

33 5127 135 5205 †††)
166 5126 316 5194 Scationa
335 5129 450 5213 dactus
468 5123 582 5190 innuit.
1570 5197 1628 5260 3·
1691 5217 1701 5230 ·
