4802 6062
369 398 453 486 avr
1193 396 1555 462 raon-aconem

370 579 490 651 formis
513 577 570 649 vix
591 605 611 650 a
634 603 669 650 se
688 577 840 650 invicem
857 577 1121 676 distinguantur.
1171 578 1292 669 Quum
1315 603 1426 678 porro
1446 576 1691 649 difficillimum
1711 597 1817 664 emet,
1844 598 1879 650 et
1901 578 2142 675 longissimum
2168 605 2283 680 opus,
2314 601 2383 654 tota

369 708 409 774 N.
439 707 479 772 T.
507 701 612 774 biblia
639 700 897 788 transscribere,
932 701 1051 800 plures
1076 698 1233 770 laborem
1260 699 1308 770 ita
1333 699 1592 799 partiebantur,
1628 720 1669 772 ut
1702 699 1760 772 alii
1776 699 1870 772 ¹alias
1900 700 1979 774 libri
2012 701 2236 776 describendi
2263 723 2382 802 partes

370 822 572 898 delibarem.
625 823 731 916 Quod
758 823 862 895 etiam
887 824 924 895 in
948 843 1070 896 nostro
1096 821 1187 894 libro
1212 822 1343 894 sactum
1369 848 1443 894 esse
1469 842 1595 896 statuo.

1309 985 1341 1084 ς.
1381 985 1438 1057 35.
1552 1064 1555 1072 ,

468 1128 535 1200 Sed
559 1148 594 1200 et
614 1129 698 1200 aliae
722 1093 871 1199 rationds
891 1126 985 1197 haud
1005 1125 1140 1196 desunt.
1192 1129 1413 1221 Quamquam
1434 1122 1529 1194 enim
1550 1123 1729 1195 literarum
1753 1124 1932 1196 character
1954 1123 2149 1199 simillimus
2166 1150 2235 1215 est,
2265 1150 2384 1202 tamen

372 1249 567 1320 accuratius
579 1249 729 1321 intuenti
743 1249 929 1320 discrimen
938 1249 1033 1320 haud
1048 1247 1213 1344 exiguum
1225 1246 1441 1318 intercedere
1460 1245 1644 1318 videbitur.
1683 1247 1855 1345 Margines
1873 1248 2086 1344 angustiores
2102 1277 2174 1324 esse
2190 1251 2384 1350 incipiunt,

370 1397 489 1443 versus
509 1373 708 1470 paucissimi
730 1374 768 1444 in
790 1371 931 1468 singulis
950 1369 1085 1472 paginis
1106 1368 1292 1470 perscripti
1313 1389 1411 1450 sunt,
1436 1369 1546 1468 spatia
1572 1369 1784 1468 amplissima
1806 1371 1897 1442 inter
1919 1370 2026 1442 lineas
2045 1370 2383 1472 deprehenduntur,

370 1493 489 1564 literae
514 1494 666 1590 singulae
690 1493 815 1564 maiori
837 1493 1016 1591 diligentia
1041 1513 1215 1578 exaratae,
1251 1492 1348 1588 quod
1375 1490 1477 1562 initio
1505 1490 1622 1590 operis
1646 1491 1722 1563 lieri
1744 1491 1844 1565 solet.
1894 1495 1940 1564 At
1961 1519 2045 1566 vero
2071 1494 2174 1566 etiam
2197 1497 2236 1566 in
2265 1497 2385 1594 singu

371 1616 484 1687 larum
505 1617 684 1688 literarum
703 1616 823 1688 formis
844 1616 1016 1714 quaedam
1037 1615 1221 1688 variantur.
1272 1614 1461 1714 Praecipue
1486 1613 1606 1686 literae
1622 1613 1754 1712 ,Alpha
1777 1615 1890 1687 forma
1909 1613 2049 1686 initialis
2072 1615 2298 1715 respicienda
2326 1639 2383 1689 est

371 1741 490 1834 Usque
520 1738 614 1809 enim
638 1739 680 1809 ad
709 1738 800 1810 hanc
828 1739 990 1838 paginam
1015 1737 1116 1811 lineis
1140 1737 1242 1809 rectis
1267 1736 1305 1808 in
1332 1738 1500 1833 angulum
1526 1737 1735 1810 coeuntibus
1757 1737 1991 1836 perscriptum
2022 1740 2257 1839 comparebat.
2316 1746 2384 1812 Iam

371 1885 450 1958 pag.
473 1855 531 1932 95.
557 1862 692 1934 curvari
711 1862 823 1934 lineae
843 1861 1026 1962 incipiunt.
1077 1860 1241 1932 Similiter
1261 1871 1293 1931 et
1316 1859 1440 1946 variat,
1466 1861 1514 1930 ita
1535 1879 1651 1931 tamen
1672 1879 1713 1930 ut
1738 1860 1891 1960 scriptor
1911 1857 1975 1931 sibi
2000 1885 2073 1932 non
2101 1860 2204 1959 plane
2230 1851 2383 1934 constet

379 1979 418 2052 T
439 1979 567 2054 initiale
594 1983 737 2079 rigidius
763 1985 878 2057 adhuc
904 1983 1054 2084 pictnm3
1080 1983 1199 2056 literae
1226 2009 1349 2056 onmes
1373 1981 1521 2054 initiales
1546 1981 1705 2054 maiores.

1303 2151 1339 2240 §-
1379 2149 1436 2218 ss.

466 2287 578 2358 Etiam
604 2307 766 2360 notarum
792 2289 1033 2385 marginalium
1060 2287 1148 2358 ratio
1176 2285 1336 2356 habenda
1361 2306 1421 2357 est.
1474 2285 1589 2358 Litera
1613 2288 1650 2358 C.
1681 2313 1792 2384 quum
1820 2287 1857 2356 in
1883 2285 2018 2385 paginis
2046 2287 2222 2384 sexaginta
2250 2317 2384 2366 novem

373 2425 496 2493 exstet,
526 2407 563 2477 in
580 2409 716 2506 paginis
732 2410 920 2512 nonaginta
940 2431 1091 2507 quatuor
1109 2403 1285 2508 prioribus
1302 2407 1469 2480 Matthaei
1493 2408 1680 2506 quinquies
1705 2408 1892 2508 reperitur,
1917 2407 1954 2477 in
1974 2407 2112 2507 reliquo
2132 2411 2320 2486 Matthaeo
2345 2442 2384 2486 ne

371 2527 554 2623 vestigium
576 2531 729 2628 quidem.
780 2533 895 2604 Litera
911 2531 1152 2631 I'marginalis
1167 2530 1205 2600 in
1225 2531 1273 2622 94
1294 2530 1472 2629 prioribus
1488 2530 1655 2602 Matthaei
1679 2531 1814 2630 paginis
1832 2556 1877 2602 ne
1894 2529 2002 2600 semel
2026 2529 2171 2627 quidem
2193 2532 2385 2632 detegitur.

374 2651 468 2718 Haec
492 2651 609 2722 omnia
628 2679 709 2724 casu
725 2680 798 2726 non
819 2677 966 2753 possunt
984 2655 1160 2726 accidisse.
1213 2657 1330 2746 Quare
1353 2653 1558 2752 paginarum
1581 2653 1769 2750 nonaginta
1791 2672 1944 2748 quatuor
1959 2653 2120 2751 priorum
2140 2655 2251 2728 scriba
2274 2661 2323 2728 ab
2345 2687 2384 2732 eo

374 2769 638 2868 distinguendus
667 2798 735 2862 est,
770 2777 832 2875 qui
862 2778 1023 2877 paginam
1055 2776 1314 2873 nonagesimam
1351 2777 1510 2872 quintam
1539 2799 1681 2850 exorsus
1713 2796 1774 2846 est.
1825 2779 1909 2846 Esse
1938 2791 2073 2874 potest,
2108 2795 2149 2846 ut
2179 2776 2290 2848 etiam
2326 2781 2384 2852 has

372 2895 514 2990 paginas
537 2895 609 2970 duo
632 2879 762 2969 librarii
780 2898 827 2971 ita
850 2899 941 2970 inter
965 2926 1000 2970 se
1022 2899 1217 2980 diviserint,
1241 2919 1283 2969 ut
1304 2924 1381 3000 pag.
1409 2901 1466 2989 41.
1491 2898 1576 2968 alter
1603 2899 1751 2970 alterum
1776 2897 1962 2996 exceperit.
2012 2898 2079 2970 Sed
2098 2896 2203 2970 huius
2227 2901 2284 2972 rei
2312 2928 2385 2975 non

374 3032 444 3084 tam
463 3037 556 3088 certa
569 3018 698 3090 indicia
722 3021 811 3092 mihi
833 3023 876 3093 ad
901 3047 1023 3094 manus
1040 3042 1137 3108 sunt,
1163 3041 1203 3090 ut
1223 3046 1413 3093 asseverare
1439 3019 1596 3092 audeam.
1641 3025 1726 3092 Hoc
1745 3046 1857 3091 unum
1878 3019 2021 3105 addam,
2047 3021 2183 3094 colores
2203 3022 2324 3096 literis
2345 3027 2385 3096 ad

373 3137 541 3238 pingendi
567 3144 738 3218 rationem
766 3147 807 3215 ab
835 3146 903 3216 hac
930 3145 1012 3216 inde
1043 3145 1169 3244 pagiua
1201 3143 1346 3228 variari,
1386 3143 1502 3248 literas
1536 3142 1696 3216 rudiores
1728 3141 1874 3216 evadere
1897 3169 1972 3241 -per
1998 3163 2182 3239 sequentes
2217 3145 2385 3242 paginas.

373 3261 563 3368 nonnullas·
578 3257 627 3368 dd
648 3265 809 3338 dextrum
835 3267 924 3370 latus
950 3267 1056 3364 magis
1081 3266 1267 3351 inclinare,
1304 3265 1408 3336 etiam
1432 3264 1561 3337 minori
1588 3291 1672 3336 cura
1693 3269 1795 3339 verba
1823 3285 1936 3337 textus
1961 3267 2035 3368 ipsa
2064 3266 2192 3367 scripta
2218 3291 2320 3353 esse,
2357 3291 2384 3340 et

371 3381 508 3456 literam
533 3365 579 3459 c?
596 3387 632 3458 in
659 3409 735 3461 toto
762 3389 1002 3462 Matthaeo'in
1027 3388 1110 3461 solis
1135 3388 1269 3488 paginis
1294 3390 1353 3480 41.
1380 3389 1437 3479 46.
1465 3390 1524 3478 47.
1552 3390 1611 3468 ἶδ.
1637 3389 1695 3461 92.
1723 3387 1879 3487 reperiri.

1307 3553 1344 3642 ς,
1382 3552 1438 3622 st.

472 3687 589 3757 Tertia
613 3689 693 3758 libri
716 3715 796 3788 pars
825 3689 966 3788 paginas
993 3689 1041 3762 95
1067 3715 1179 3786 usque
1209 3689 1252 3759 ad
1284 3688 1354 3760 129
1380 3687 1638 3788 complectitur.
1689 3688 1832 3760 Nullum
1862 3687 2007 3760 omnino
2038 3686 2209 3774 indicium
2240 3693 2384 3790 reperi,

373 3806 428 3880 vel
454 3833 559 3880 unam
587 3831 698 3883 textus
725 3811 860 3883 literam
884 3811 941 3882 his
964 3811 1097 3912 paginis
1121 3813 1163 3881 ab
1189 3809 1253 3882 aha
1279 3837 1385 3882 manu
1410 3810 1563 3886 additam
1589 3835 1672 3884 esse.

1307 3979 1340 4080 ς.
1380 3977 1436 4048 aa.

442 4105 445 4110 ⁵
471 4115 603 4208 Quarta
629 4142 708 4215 pars
730 4123 846 4214 a‘pag.
874 4117 954 4186 131.
978 4115 1117 4187 initium
1142 4115 1259 4191 sumit.
1312 4121 1405 4186 Haec
1430 4113 1592 4186 facillime
1617 4141 1637 4186 a
1658 4111 1948 4214 praecedentibus
1974 4112 2136 4186 omnibus
2158 4110 2387 4182 discernitur.

371 4238 493 4309 Statim
520 4239 641 4310 Latina
668 4238 905 4335 quaternionis
931 4259 1017 4311 nota
1043 4237 1231 4311 numeralis
1262 4238 1388 4313 variat..
1435 4237 1563 4310 Adhuc
1593 4237 1687 4308 enirn
1721 4237 1869 4336 quinque
1899 4239 1928 4306 V
1951 4261 2024 4308 non
2052 4239 2085 4305 U
2113 4231 2386 4332 significabatur.

222 4349 227 4356 ’
259 4457 264 4466 Ι
371 4360 478 4452 Quod
505 4380 620 4433 tamen
646 4359 820 4432 scribendi
848 4385 965 4435 errore
987 4380 1106 4460 potest
1131 4355 1305 4458 explicari.
1356 4361 1491 4433 Deinde
1521 4359 1635 4460 prima
1658 4358 1763 4431 huius
1790 4355 2028 4456 quaternionis
2052 4353 2179 4458 pagina
2198 4353 2387 4426 sordidam

372 4481 495 4553 faciem
512 4483 682 4566 ostendit,
708 4504 748 4554 ut
767 4484 837 4554 fere
859 4482 1009 4554 exterior
1029 4482 1110 4554 libri
1125 4481 1322 4580 singularis,
1350 4510 1438 4582 quae
1458 4483 1557 4556 facile
1577 4481 1734 4554 atteritur
1754 4502 1790 4554 et
1807 4481 1952 4580 pulvere
1974 4477 2248 4562 contaminatur,
2279 4477 2386 4548 sarissa

370 4603 537 4677 videatur.
588 4608 682 4677 Tum
704 4625 818 4676 autem
840 4606 977 4678 colores
998 4605 1182 4678 variantur.
1234 4603 1341 4679 Flavo
1361 4607 1477 4678 adhuc
1493 4605 1531 4676 in
1552 4603 1719 4677 Matthaei
1736 4605 1842 4676 altera
1858 4622 1956 4702 parte
1978 4601 2138 4674 librarius
2157 4597 2278 4671 nitido
2306 4626 2387 4670 usta

273 4763 277 4776 ·
370 4730 481 4799 suerat
502 4747 537 4798 et
558 4726 677 4801 vivido
695 4727 972 4826 quodammodo.
1024 4733 1066 4798 In
1085 4728 1158 4800 eius
1173 4728 1294 4801 locum
1315 4728 1450 4800 luridus
1472 4729 1572 4800 color
1596 4725 1771 4812 succedit,
1799 4725 1861 4823 qui
1883 4724 1992 4796 flavus
2011 4721 2123 4795 videri
2144 4721 2235 4803 vult,
2264 4741 2307 4794 et
2328 4747 2387 4822 pet

369 4867 486 4922 totum
506 4855 665 4921 Marcum
680 4847 728 4920 ita
747 4851 932 4937 retinetur,
958 4871 999 4923 ut
1014 4851 1052 4924 in
1067 4852 1142 4952 ipsa
1161 4851 1416 4950 subscriptione
1437 4877 1514 4952 pag.
1536 4851 1617 4924 191.
1637 4852 1712 4923 eius
1730 4847 1873 4944 vestigia
1890 4867 2041 4934 exstent,
2067 4845 2151 4918 licet
2168 4843 2230 4942 qui
2247 4847 2386 4917 Lucam

369 4974 515 5061 affinxit,
549 4973 651 5071 quasi
675 4971 828 5058 μεσίτην,
863 5000 966 5046 snum
995 4976 1154 5049 colorem
1186 4972 1338 5046 nitidum
1363 4974 1506 5073 singulis
1532 4971 1797 5071 subscriptionis
1826 4969 1935 5042 literis
1967 4967 2126 5042 illeverit.
2178 4973 2296 5042 Porro
2326 4993 2386 5067 per

367 5114 482 5170 totum
510 5103 669 5170 Marcum
694 5096 832 5172 duobus
856 5117 991 5171 tanturn
1020 5097 1198 5171 coloribus
1224 5095 1343 5172 literae
1369 5097 1518 5172 initiales
1546 5116 1628 5170 sunt
1653 5093 1868 5192 variegatae,
1900 5093 1991 5168 flavo
2015 5111 2050 5165 et
2076 5087 2292 5164 rubicundo.
2353 5097 2386 5162 ln
