4764 6076
421 448 424 454 ·
523 415 586 478 DE
610 411 796 479 contcls
817 413 994 479 PATRIA
1016 415 1078 476 ΕΤ
1100 411 1307 476 AETATE.
1351 409 1457 476 cAP.
1478 411 1558 474 Vll.
1939 413 2041 476 XLV

34 600 109 672 Vol.
130 598 162 671 2.
190 623 269 697 pag.
291 597 389 694 353).
438 599 564 666 Nonne
590 592 706 665 Caroli
732 613 892 692 tempore
918 611 1165 693 praeceptores
1182 565 1313 666 Scotici
1338 593 1492 678 evocati,
1517 590 1648 690 patriae
1666 581 1822 662 usumin
1844 594 2041 677 Germania,

33 718 146 792 Gallia
171 739 208 790 et
222 714 427 790 Alamannia
450 713 694 814 propagavisse
719 712 869 813 putandi
893 715 999 784 santi
1046 713 1200 786 Maximo
1227 734 1343 786 autem
1367 715 1405 785 in
1431 739 1549 785 errore
1575 732 1772 797 versantur,
1801 713 1863 809 qai
1887 715 2043 807 singulos
2110 727 2115 734 '

32 861 168 912 tantum
192 844 316 912 Scotos
347 837 385 908 in
410 835 560 907 Galliam
585 833 814 905 Germaniam
839 852 874 904 et
905 835 1146 906 Alamanniam
1178 856 1426 935 praeceptores
1455 835 1589 909 venisse
1624 831 1829 905 existimant.
1881 838 2043 905 Catervae

31 961 126 1032 enim
151 960 220 1032 iarn
245 987 264 1030 a
289 977 388 1030 sexto
413 957 496 1028 inde
521 955 661 1028 saeculo
688 955 753 1051 (cf.
771 952 884 1027 Perlz.
904 979 1062 1027 monum.
1084 959 1121 1027 P.
1141 956 1173 1027 2.
1200 982 1277 1055 pag.
1300 953 1359 1046 15)
1385 976 1496 1027 terrae
1523 954 1734 1028 continentis
1761 954 1919 1051 regiones
1946 955 2044 1052 quasi

28 1081 255 1154 inundarunt.
307 1077 444 1152 Saeculi
472 1077 560 1149 noni
591 1077 761 1175 scriptor,
794 1079 907 1147 Abbas
940 1075 1121 1174 legiensis
1157 1079 1230 1152 W
1224 1078 1401 1178 alefridus
1424 1077 1551 1150 Strabo
1562 1075 1600 1176 ²³⁸)
1627 1075 1728 1156 dicit,
1761 1073 1897 1147 nationi
1921 1079 2046 1147 Scoto-

30 1229 111 1274 rum
136 1199 382 1301 peregrinandi
407 1197 699 1271 consuetudinem
724 1197 794 1270 iam
821 1223 933 1297 paene
958 1197 995 1266 in
1021 1217 1179 1268 naturam
1206 1223 1410 1272 conversam
1437 1223 1519 1280 esse,
1555 1196 1683 1269 deinde
1710 1196 1754 1268 de
1779 1196 2039 1295 peregrinatone

28 1323 124 1422 apud
150 1329 182 1395 S.
209 1322 353 1394 Gallum
377 1324 465 1391 bene
490 1317 611 1391 habito
636 1322 741 1391 verba
765 1319 903 1392 faciens.
955 1321 1044 1389 Ante
1071 1344 1202 1389 annum
1228 1320 1300 1390 880
1325 1318 1448 1392 Ericus
1474 1320 1516 1390 ad
1544 1319 1709 1390 Carolum
1730 1317 1891 1390 Calvum:
1919 1317 2044 1409 „Quid

31 1444 236 1516 Hiberniam
262 1467 472 1528 memorem,
498 1460 706 1539 contempto
731 1433 847 1540 pelagi
873 1439 1074 1512 discrimine
1096 1467 1207 1538 paene
1232 1452 1343 1512 totam
1361 1467 1439 1510 cnm
1452 1467 1552 1536 grege
1565 1437 1857 1539 philosophorum
1874 1440 1928 1511 ad
1941 1433 2047 1510 litora

29 1579 152 1638 nostra
177 1564 408 1660 migrantem?
444 1587 598 1660 quorum
624 1561 782 1659 quisquis
807 1561 956 1661 peritior
981 1581 1048 1643 est,
1080 1562 1176 1634 ultro
1203 1562 1267 1632 sibi
1292 1561 1416 1632 indicit
1442 1561 1626 1633 exsilium“
1651 1581 1716 1632 etc.
1732 1557 1805 1660 ³3¹4).
1854 1565 1973 1658 Usque
2001 1559 2043 1631 ad

26 1687 209 1759 saeculum
242 1683 471 1758 undecimum
504 1681 762 1755 monachorum
795 1683 980 1755 Hiberniae
1016 1682 1237 1757 eruditorum
1272 1684 1432 1757 coloniae
1465 1684 1503 1756 in
1536 1684 1760 1756 Germaniam
1796 1683 2042 1783 migraverunt.

27 1807 197 1882 Coloniae
223 1806 456 1905 Agrippinae,
481 1803 707 1886 Hatisbonae,
732 1803 934 1904 Herbipoli,
958 1804 1224 1902 Norimbergae,
1250 1805 1497 1888 vindobonae,
1527 1812 1652 1903 Pragae
1678 1807 1822 1904 aliisque
1848 1807 1936 1878 locis
1962 1833 2044 1879 coe-

25 1929 135 2002 nobia
158 1929 197 1999 in
223 1953 348 2000 eorum
373 1953 478 1998 usum
502 1923 744 1997 condebantur
769 1951 924 2023 quorum
945 1925 1058 1998 bodie
1084 1925 1199 2023 aliqua
1224 1946 1357 1998 exstant
1373 1927 1464 2018 m).
1515 1933 1594 2000 Non
1610 1953 1754 2027 possum
1772 1928 1858 2025 quin
1874 1927 1945 2001 hoc
1961 1929 2044 2001 loco

28 2077 244 2133 memorem,
278 2049 382 2121 etiam
405 2046 501 2118 haud
528 2048 680 2118 multum
705 2073 725 2118 a
748 2053 781 2120 S.
807 2047 912 2121 Gallo
929 2069 1106 2124 remotum
1122 2051 1372 2122 monasteriam
1385 2055 1573 2122 Scotorum
1589 2049 1728 2121 saeculo
1744 2073 1843 2122 nono
1860 2049 2039 2122 exstitisse.

25 2173 213 2272 Diploma‚
252 2196 325 2268 quo
351 2169 497 2241 Carolus
521 2173 662 2239 Crassus
686 2171 875 2240 Scotorum
899 2168 936 2240 in
962 2189 1083 2241 monte
1112 2174 1144 2242 S.
1171 2169 1322 2242 Victoris
1356 2197 1470 2271 prope
1501 2169 1700 2241 Feldlirich
1732 2169 1838 2240 silum
1870 2174 1902 2240 S.
1939 2170 2042 2242 Gallo

25 2294 188 2380 donavit,
214 2292 336 2364 datum
362 2310 414 2362 est
440 2314 533 2362 anno
560 2290 631 2360 885
658 2289 692 2363 9.
719 2289 795 2360 Kal.
822 2293 901 2361 Oct.
928 2315 1020 2362 anno
1045 2289 1131 2390 imp.
1157 2290 1195 2360 in
1219 2291 1294 2362 Ital.
1311 2293 1343 2363 1.
1375 2291 1462 2362 Vide
1480 2289 1685 2389 Ildephoras.
1706 2279 1856 2362 abArx.
1874 2291 1911 2360 in
1927 2289 2040 2362 Perta.

25 2441 190 2490 monum.
215 2414 239 2486 l.
265 2440 295 2483 c.
321 2437 400 2511 pag.
419 2413 478 2484 73.
505 2409 626 2490 adnot.
652 2409 712 2482 89.
763 2414 804 2479 In
829 2409 1055 2507 Lotbaringia
1081 2438 1163 2483 cum
1187 2412 1330 2483 Graecis
1357 2411 1537 2483 coniuncti
1562 2411 1657 2482 Scoti
1683 2411 1932 2482 monasterium
1951 2439 2044 2506 ‚con-

25 2537 209 2620 dideramt,
233 2533 271 2605 in
296 2557 370 2630 quo
396 2529 609 2604 cerimoniae
626 2535 779 2602 Graecae
792 2531 906 2631 m).
956 2531 1231 2604 Iucundissimae
1256 2533 1351 2604 lectu
1376 2550 1473 2615 sunt,
1499 2532 1674 2629 simulque
1708 2531 1798 2634 vim,
1824 2559 1928 2629 quam
1947 2533 2044 2606 Scoti

26 2656 98 2728 illis
125 2654 271 2727 saeculis
296 2652 594 2728 ineruditionem
618 2652 816 2725 universam
842 2655 1056 2728 exseruerint
1080 2653 1353 2728 luculentissime
1380 2654 1512 2726 docent
1536 2654 1722 2753 epistolae,
1756 2680 1842 2751 quas
1860 2655 1911 2733 Cl,
1936 2660 2039 2726 Usse-

25 2778 100 2852 rius
129 2775 271 2876 collegit
297 2796 333 2848 et
357 2802 386 2848 a.
406 2776 512 2850 1632.
564 2774 721 2848 Dublinii
754 2772 874 2847 edidit.
930 2779 985 2846 Ex
1008 2775 1063 2846 his
1087 2775 1250 2848 omnibus
1280 2774 1464 2862 discimus,
1500 2775 1577 2848 lieri
1603 2774 1749 2850 omnino
1773 2800 1848 2849 non
1873 2773 2038 2874 potuisse,

24 2900 118 2996 quin
141 2919 414 3000 praeceptorum
439 2897 661 2972 Scoticorum
687 2897 960 2972 consuetudines
985 2917 1156 2972 nostrates
1181 2897 1399 2970 imbiberent.

961 3079 997 3169 g.
1028 3079 1108 3148 111.

27 3211 31 3218 ’
124 3211 276 3284 Maxime
302 3231 421 3282 autem
444 3211 482 3283 in
507 3212 683 3286 coenobio
707 3214 968 3312 Sanctigallensi
999 3213 1158 3286 Scoticus
1185 3238 1263 3283 mos
1297 3195 1453 3309 ritusque
1481 3211 1670 3283 obtinuisse
1705 3212 1851 3284 videtur.
1903 3215 2041 3285 Gloria-

21 3337 153 3406 bantur
185 3330 469 3428 sanctigallenses
501 3332 686 3405 fimdatore
719 3338 826 3407 Scoto
860 3354 963 3432 atque
998 3355 1169 3434 patron03
1210 3339 1335 3406 Scotos
1367 3333 1564 3431 saepissime
1599 3334 1691 3432 apud
1721 3359 1759 3404 se
1791 3333 1963 3404 habebant
1988 3339 2039 3429 †).

21 3456 173 3554 Saeculo
204 3479 302 3527 nono
336 3451 513 3526 Eusebem
543 3452 727 3548 Scotigena
762 3454 835 3524 illic
875 3455 995 3528 sedem
1037 3453 1270 3525 collocaverat
1297 3456 1385 3551 fi),
1430 3451 1576 3524 Marcus
1613 3451 1797 3523 Hiberniae
1830 3452 2037 3552 episcopus,

22 3574 246 3647 mansionem
271 3573 399 3645 fecerat
413 3576 531 3670 †††),
557 3577 681 3644 Scotus
706 3568 914 3656 Marcellin,
940 3572 978 3642 in
1004 3570 1129 3642 divinis
1156 3592 1191 3643 et
1214 3573 1376 3645 humanis
1402 3571 1676 3658 eruditissimus,
1702 3575 1831 3646 scholis
1843 3576 2040 3672 Sangallen-

22 3697 123 3768 sibus
149 3695 211 3766 diu
234 3693 536 3793 praefuitffl-l).
588 3691 624 3764 si
654 3687 745 3791 opus
771 3719 844 3764 esse
870 3692 1047 3765 videretur
1073 3693 1117 3765 de
1147 3693 1333 3779 Clemente,
1368 3693 1544 3778 Fuitano,
1582 3695 1792 3781 Brendono,
1831 3695 2039 3778 Dubstano,

20 3819 190 3900 Adamo,
228 3815 390 3902 Dnve'de,
425 3813 702 3897 Melchomberu,
740 3813 953 3908 Fortegiann
979 3813 1123 3910 aliisque
1150 3837 1348 3895 monerem,
1386 3813 1448 3911 qni
1481 3838 1603 3886 omnes
1629 3815 1674 3886 de
1699 3819 1731 3887 S.
1757 3813 1860 3886 Gallo
1887 3816 2040 3913 magistri

21 3956 242 4010 meruerunt.
295 3933 383 4006 Inde
408 3933 603 4031 colligitur,
630 3959 773 4006 omnem
796 3937 830 4006 S.
857 3931 951 4005 Galli
975 3933 1232 4006 institutionem
1257 3933 1500 4007 scholasticam
1526 3936 1568 4006 ad
1585 3937 1769 4010 Hiberniae
1789 3963 1948 4011 normam
1966 3965 2039 4012 esse

112 4251 143 4326 ¹⁸²)
186 4249 240 4313 Cs.
261 4241 338 4314 libr.
359 4249 398 4310 de
420 4243 581 4310 miraculis
603 4249 639 4310 S.
661 4245 748 4307 Galli
769 4247 853 4326 apud
873 4243 1001 4308 Goldaet.
1024 4247 1045 4314 l.
1066 4267 1096 4310 c.
1117 4268 1194 4330 pag.
1214 4244 1286 4311 275.
1309 4268 1340 4312 c.
1363 4250 1414 4312 47.
1436 4270 1488 4332 ap.
1511 4249 1607 4313 Pertz.
1627 4271 1703 4333 pag.
1725 4253 1776 4319 80.

89 4347 142 4418 77)
185 4342 241 4406 cf.
263 4343 375 4407 Mutet.
396 4341 479 4404 Acta
500 4345 575 4403 ord.
597 4341 634 4403 S.
655 4337 881 4404 Hened.‚Vol.
903 4339 982 4413 Vll,
1003 4361 1079 4422 pag.
1094 4341 1166 4404 886.

72 4441 143 4515 m¹)
186 4435 243 4500 cf.
266 4435 384 4498 Cramer
403 4435 624 4516 Fortsetzaag
646 4453 678 4494 v.
699 4433 818 4494 Boreaet
840 4430 973 4498 Einleit.
995 4432 1027 4494 in
1049 4436 1082 4496 d.
1106 4430 1300 4498 Gesebichte
1321 4437 1353 4498 d.
1376 4435 1465 4500 Welt
1487 4459 1520 4500 a.
1543 4439 1575 4498 d.
1599 4435 1761 4516 Religion.
1785 4439 1903 4504 Fiinlte
1926 4442 2036 4506 Forte.

187 4551 264 4614 pag.
285 4531 338 4594 87.
359 4525 674 4598 dulcescerent.
697 4527 793 4588 Τοιιι.
817 4525 878 4588 ΙΙΙ.
902 4526 1006 4605 praes.
1027 4546 1102 4605 pag.
1125 4527 1157 4589 6.

50 4625 143 4703 7777)
185 4623 243 4688 Cl.
265 4622 388 4684 neren·
409 4619 604 4685 Gesebicbte
624 4622 678 4682 dea
693 4621 789 4682 seua.
811 4620 843 4680 d.
866 4619 961 4681 class.
983 4617 1053 4684 Lit.
1075 4619 1139 4680 Bd.
1153 4619 1180 4682 l.
1203 4641 1287 4702 pag.
1303 4621 1360 4682 tta
1380 4631 1410 4682 et
1430 4619 1575 4686 Histoire
1598 4622 1683 4686 liter.
1705 4627 1742 4688 de
1764 4627 1792 4687 la
1815 4627 1950 4690 Fraacc.
1974 4630 2037 4712 Vl,

184 4739 261 4799 pag.
283 4717 335 4780 57.
2032 4746 2034 4750 .

104 4811 145 4886 †)
186 4809 243 4876 Cf.
264 4811 361 4872 Pertz.
381 4809 464 4873 Vol.
487 4810 518 4872 8.
540 4829 617 4888 pag.
638 4808 691 4870 Sl.
949 4853 954 4856 -

27 4949 31 4959 ·
74 4908 145 4984 ††)
187 4903 244 4968 ct.
265 4905 398 4984 liutpert.
418 4905 501 4986 apud
522 4901 688 4964 Galdaetem
708 4902 806 4964 Tem.
828 4897 858 4964 l.
881 4901 921 4963 P.
943 4899 973 4963 1.
994 4919 1070 4981 pag.
1091 4899 1219 4982 32..ap.
1239 4899 1335 4962 Perta.
1354 4918 1431 4986 pag.
1455 4903 1503 4967 78.

47 5000 146 5074 †††)
189 4995 246 5060 cf.
266 4997 430 5060 nunaut
451 4993 583 5060 minoris
605 4993 720 5058 libram
742 4997 781 5060 de
802 4991 929 5056 casibus
950 4995 986 5056 S.
1009 4990 1094 5056 Galli
1115 4995 1198 5075 apud
1218 4990 1350 5056 Golden.
1371 4993 1397 5057 l.
1417 5014 1449 5056 c.
1471 5015 1548 5076 pag.
1568 4997 1619 5064 86.

19 5093 147 5171 ††††)
190 5089 247 5156 Cf.
268 5091 428 5153 Ettetarat
448 5109 502 5170 ap.
530 5086 658 5151 Gouae.
679 5086 702 5150 l.
723 5107 752 5148 c.
771 5105 849 5171 pag.
868 5085 920 5150 86.
943 5107 996 5168 ηρ.
1017 5086 1113 5150 unz.
1134 5107 1211 5170 pag.
1234 5087 1285 5152 78.
