4764 6076
519 428 581 492 DE
605 425 792 494 conlcts
815 428 989 496 PA’rttts
1011 428 1072 491 ET
1095 425 1303 491 AETATE.
1346 424 1452 492 CAP.
1475 425 1554 506 Vll.
1907 431 2044 494 XLVII

965 613 1000 712 ς.
1029 607 1110 680 115.
1222 637 1224 640 ·

134 775 170 848 Si
194 800 335 848 mecum
359 789 507 875 reputo,
551 797 620 868 qua
646 768 843 844 eruditione
877 769 939 841 illo
966 749 1126 870 tempore
1151 775 1184 842 S.
1211 767 1304 840 Galli
1331 767 1543 841 coenobium
1570 767 1744 852 floruerit,
1782 797 1856 846 non
1881 800 2043 873 possum,

37 896 123 996 quin
147 916 295 968 statuam
318 916 480 968 nostrum
504 890 634 964 librum
670 894 734 962 sub
768 885 953 965 Hartmoto
987 919 1062 964 esse
1094 894 1300 992 perlectum.
1351 890 1508 962 Primum
1536 891 1634 966 ,enim
1660 915 1814 981 constat,
1858 900 1921 966 sub
1946 901 2046 971 Hart-

36 1039 136 1092 moto
165 1018 203 1088 in
236 1015 449 1092 monasterio
480 1020 512 1087 S.
544 1013 635 1085 Galli
668 1013 766 1085 libris
798 1013 977 1085 exarandis
1002 1016 1153 1085 multum
1180 1039 1307 1113 operae
1332 1037 1408 1084 esse
1434 1013 1644 1112 impensum.
1696 1017 1746 1089 Cf.
1773 1018 1943 1116 liutperti
1963 1021 1986 1097 l.
2014 1048 2044 1092 c.

33 1142 197 1212 Exstabat
221 1139 403 1222 conclave,
427 1137 513 1210 solis
538 1135 776 1208 describendis
800 1129 983 1208 codicibus
1009 1136 1239 1227 destinatum3
1264 1137 1482 1234 scriptorium
1492 1134 1529 1230 ³⁴²)
1553 1135 1808 1209 nominabatur.
1860 1141 1911 1217 cf.
1930 1141 2047 1212 Elrlre-

33 1259 141 1334 bard.
165 1258 239 1332 iun
271 1260 367 1360 apud
395 1257 560 1335 Goldast
585 1258 610 1328 l.
636 1285 667 1330 c.
693 1283 771 1357 pag.
799 1255 856 1329 53.
883 1258 976 1331 med.
1003 1255 1116 1330 Perta.
1144 1283 1301 1331 monum.
1328 1257 1351 1328 l.
1377 1284 1409 1328 c.
1443 1281 1521 1357 pag.
1547 1255 1608 1330 95.
1639 1262 1724 1328 Acta
1750 1259 1827 1331 ord.
1854 1265 1886 1332 S.
1916 1262 2043 1334 bened.

32 1381 112 1454 Vol.
138 1387 211 1474 Vll.
239 1379 300 1457 fot
330 1380 386 1453 ta.
437 1381 491 1452 lbi
521 1380 560 1450 in
592 1379 777 1452 intervallo
809 1379 955 1451 laudum
980 1401 1158 1453 nocturno
1184 1379 1373 1452 convenire
1397 1378 1557 1450 solebant
1587 1378 1747 1465 ΤαοΙίΙο,
1791 1381 1986 1480 liutpertus
2011 1403 2046 1456 et

31 1499 211 1576 Notlrerus
235 1501 409 1584 balbulus,
450 1501 727 1599 collationesque
761 1499 806 1573 de
838 1503 1020 1602 scripturis
1051 1506 1175 1576 facere.
1224 1501 1276 1573 Cf.
1302 1501 1339 1572 ll.
1366 1525 1421 1573 cc.
1453 1499 1631 1581 Nolkerns
1664 1501 1827 1600 epistolas
1860 1504 2045 1577 canonicas

31 1629 203 1710 Graecas,
229 1649 249 1694 a
273 1622 480 1710 Liutvardo,
506 1623 718 1695 Vercellensi
743 1623 932 1725 episcopo,
958 1625 1084 1725 petitas
1098 1624 1166 1726 *ἢ
1185 1623 1300 1695 multo
1326 1623 1454 1696 sudore
1482 1621 1700 1720 exemplavit.
1752 1625 1802 1695 Cf.
1824 1625 1947 1697 Annal.
1967 1625 2043 1696 ord.

30 1751 62 1818 S.
91 1753 175 1818 Beu.
207 1745 231 1816 l.
262 1771 292 1815 c.
323 1770 401 1844 pag,
438 1747 480 1819 17
518 1765 553 1816 et
590 1744 636 1818 19
668 1766 703 1817 et
734 1745 942 1819 Ellehard.
970 1748 1078 1847 apud,
1094 1747 1258 1823 Gotdast.
1284 1771 1361 1844 pag.
1389 1739 1447 1817 59.
1474 1769 1528 1842 ap.
1555 1741 1668 1817 Perta.
1694 1771 1730 1843 p.
1760 1746 1840 1816 101.
1892 1749 1946 1814 Ex
1973 1771 2046 1841 quo

33 1867 263 1964 intelligitur,
307 1867 412 1938 etiam
444 1871 600 1940 Graecos
625 1867 767 1940 codices
791 1866 829 1938 iu
854 1869 1029 1941 coenobio
1054 1873 1087 1941 S.
1113 1869 1208 1943 Galli
1232 1867 1354 1952 fuisse,
1396 1865 1599 1962 ibidemque
1625 1891 1745 1937 recens
1772 1885 1927 1938 exaratos
1954 1893 2046 1952 csse,

35 2017 252 2088 quamquam
276 2015 450 2087 nusquam
475 1988 611 2060 disertis
635 1988 749 2061 verbis
774 1990 831 2060 vel
856 1990 1052 2089 liutpertus
1076 1992 1132 2065 vel
1157 1987 1396 2064 Ektelrardm
1411 1987 1577 2059 codicum
1593 1991 1813 2058 Graecorum
1830 1987 2048 2062 mentionem

30 2113 174 2184 lucium.
228 2112 314 2184 lnde
341 2137 384 2182 ex
409 2137 468 2198 eo,
505 2110 602 2208 quod
626 2109 665 2180 in
689 2112 847 2211 Ratperti
873 2112 990 2185 indice
1015 2112 1058 2182 ad
1096 2113 1383 2210 „errangelr'orum
1407 2109 1571 2183 volumen
1596 2123 1735 2183 unum“
1773 2133 1847 2182 nou
1873 2107 2046 2184 adiectum

30 2255 83 2306 est
112 2240 348 2322 Graecorum,
373 2260 448 2307 non
473 2232 666 2330 colligitur,
690 2232 812 2306 Latine
839 2234 1010 2333 scripturn
1034 2234 1148 2306 fuisse.

971 2414 1005 2514 ς.
1034 2411 1115 2483 116.

132 2547 268 2620 Deinde
293 2547 331 2618 in
356 2544 513 2644 Ratperti
537 2543 628 2617 libro
652 2543 721 2616 laos
746 2568 864 2616 versus
889 2547 1021 2646 reperi:

238 2669 392 2741 Praemia
417 2687 610 2755 tantorum,
638 2667 695 2738 cui
721 2667 834 2753 dona,
860 2667 1013 2750 Christe,
1037 2657 1232 2754 laborum,

232 2791 397 2888 Huicque
422 2790 549 2890 polum
573 2789 721 2872 tribuas,
746 2789 809 2886 qui
832 2789 958 2888 sydera
982 2791 1074 2863 celsa
1100 2814 1247 2874 crearas,

231 2912 429 2998 Mattheus,
462 2917 618 2994 Marcus,
652 2915 764 2982 Lucas
788 2911 990 3010 pariterque
1015 2911 1189 2984 Iohannes

233 3033 308 3104 Sint
332 3032 385 3103 illi
407 3032 556 3106 conrites
582 3056 736 3130 quorum
764 3031 959 3106 celebrabat
983 3019 1138 3116 honores
1153 3031 1249 3133 W).

133 3162 222 3228 Sunt
254 3155 280 3225 ii
312 3153 487 3226 Grimaldi
518 3155 648 3225 abbatis
682 3155 771 3226 vitae
802 3153 922 3226 additi.
973 3154 1041 3226 Sed
1078 3155 1225 3228 omnino
1257 3180 1333 3228 non
1357 3155 1456 3229 valeo
1483 3155 1667 3254 expedire,
1711 3187 1779 3256 qua
1806 3161 1938 3234 ratione
1965 3193 2048 3238 cum
2128 3141 2131 3148 ⁵

29 3283 97 3357 ista
124 3279 195 3352 vita
219 3277 475 3351 contineantur.
526 3275 743 3360 Grimaldus,
770 3279 897 3363 abbas„
912 3296 953 3349 ut
975 3297 1084 3380 supra
1105 3278 1249 3363 monui,
1277 3278 1479 3363 canonicus,
1503 3303 1570 3377 per
1593 3277 1731 3376 triginta
1747 3300 1783 3354 et
1798 3307 1910 3362 uuum
1925 3311 2045 3372 annos,

27 3401 164 3498 quibus
190 3398 403 3472 coenobium
428 3403 461 3474 S.
488 3397 582 3473 Galli
608 3398 713 3508 rexit,
755 3399 812 3470 vix
844 3397 1029 3496 aliquoties
1062 3399 1112 3470 ibi
1144 3419 1196 3470 est
1219 3425 1440 3500 perpaucos
1468 3399 1541 3470 dics
1567 3423 1817 3484 commoratus.
1868 3407 2047 3503 Nusquam

29 3522 220 3620 vestigium
245 3521 391 3620 detego,
435 3543 477 3594 ex
505 3545 578 3616 quo
603 3518 781 3592 coniicere
806 3519 955 3601 valeam,
999 3519 1084 3617 quid
1109 3527 1296 3619 liutpertus
1316 3521 1377 3594 ‚vel
1401 3523 1467 3592 sub
1494 3521 1595 3592 tantis
1620 3521 1797 3598 laboribus
1822 3526 2044 3622 cogitaverit,

28 3647 87 3718 vel
117 3670 223 3741 quam
247 3642 455 3724 sententiam
479 3641 585 3716 tertio
609 3641 741 3730 versui,
787 3640 831 3716 de
858 3659 1010 3748 quatuor
1035 3641 1251 3742 evangelistis
1276 3641 1409 3740 agenti,
1452 3641 1647 3716 subiecerit.
1710 3647 1827 3738 Quare
1853 3647 2046 3748 suspicatus

28 3794 114 3840 sum
138 3766 254 3853 illico,
295 3792 379 3838 casu
410 3763 499 3840 haec
532 3767 636 3838 verba
660 3763 834 3838 Grimaldi
856 3763 989 3838 abbatis
1013 3763 1110 3866 vitae
1128 3763 1263 3840 adiecta
1288 3789 1381 3850 esse,
1421 3791 1510 3864 quae
1545 3753 1719 3838 Hartmoti
1751 3769 1950 3866 proabbatis
1982 3774 2048 3844 aab

28 3887 238 3973 Grimald0,
278 3906 313 3958 et
338 3886 467 3960 deinde
502 3886 632 3958 abbatis
657 3886 763 3958 vitam
787 3864 948 3987 proxime
973 3906 1143 3986 spectent.
1193 3870 1366 3984 'Namque
1391 3892 1594 3960 Hartmotus
1616 3907 1792 3975 narratur,
1834 3889 2047 3990 impendisse
2136 3985 2140 3993 ¹

27 4013 194 4108 ingentes
219 4008 356 4081 labores
382 4028 453 4080 tam
478 4007 634 4080 felicitati
657 4009 837 4082 universae
863 4007 1082 4094 monasterii,
1124 4034 1230 4105 quam
1263 4009 1434 4109 imprimis
1459 4008 1690 4082 bibliothecae
1718 4011 1902 4082 maximam
1927 4039 2047 4085 curam

28 4133 177 4230 gessisse
193 4135 256 4232 †),
301 4158 448 4230 eamque
483 4151 556 4203 tam
585 4131 760 4202 Grimaldi
793 4130 941 4202 vicarius
974 4156 1080 4226 quam
1105 4109 1214 4200 serius
1229 4133 1341 4228 'abbas
1366 4155 1580 4231 magnopere
1605 4131 1851 4232 locupletasse3
1889 4153 2047 4206 narratur

121 4459 151 4538 ὓ)
193 4457 231 4522 ln
253 4452 468 4540 antiquissima
488 4457 526 4520 S.
546 4452 635 4518 Galli
655 4448 888 4536 ichnographia
904 4456 1004 4518 nater
1027 4451 1257 4520 bibliothecam
1287 4453 1449 4537 reperitur
1474 4453 1677 4518 delineatum.
1718 4454 1815 4518 nna.
1839 4455 1865 4518 l,
1887 4477 1918 4519 c.
1940 4477 1971 4535 p.
1993 4457 2045 4520 9⁵.

102 4555 148 4628 *ἢ
191 4551 331 4612 Saureae
358 4549 402 4624 (in
432 4548 670 4632 continuatione
699 4547 852 4632 epitomes
880 4549 1159 4628 Bauerqcrteat‘cnut
1183 4551 1216 4610 b.
1236 4573 1269 4611 e.
1297 4571 1372 4631 pag.
1394 4548 1459 4624 tt).
1507 4547 1791 4628 Electae-tumtum
1815 4547 2043 4617 astruente.

194 4665 273 4728 pag.
294 4645 335 4706 59
356 4643 439 4722 apud
459 4644 554 4705 Peru.
574 4664 651 4728 pag.
675 4645 745 4717 tot)
769 4653 895 4705 secutus
914 4643 994 4705 baec
1016 4641 1113 4706 verba
1136 4647 1223 4705 recte
1245 4645 1345 4722 cepit,
1381 4641 1505 4715 dicens,
1538 4641 1695 4704 Notlsrmm
1720 4641 1934 4724 abepiscopo
1958 4643 2044 4704 Vct·-

193 4737 327 4804 cellensi
349 4735 547 4800 librem'sibi
566 4735 780 4815 expetivisse,
813 4757 909 4818 quem
936 4735 1104 4799 moeret.
1144 4737 1319 4818 Perper-am
1342 4733 1540 4801 Bcaedictini
1561 4736 1585 4796 l.
1608 4756 1638 4797 c.
1663 4737 1759 4797 verba
1782 4735 1823 4798 ita
1847 4733 2044 4816 interpretati

195 4844 286 4908 urat,
307 4831 398 4914 quael
416 4831 569 4912 precibus
585 4829 755 4896 Liatvarrli
775 4843 954 4898 emanantes
976 4833 1139 4922 Neglterus
1160 4833 1192 4896 ie
1211 4830 1281 4896 eius
1303 4853 1391 4896 usum
1412 4828 1564 4912 epistolas
1584 4829 1836 4910 transcripserit.

84 4929 151 5000 m)
192 4927 304 4989 Pertzt't'
322 4929 451 4988 secutus
470 4945 538 4986 satu
553 4923 993 4991 ‚textus'conformationem
1907 4973 1909 4980 ,

114 5025 155 5098 †)
197 5018 331 5100 „lgitur
353 5017 545 5081 venerabilis
565 5021 663 5102 abbas
684 5019 870 5081 Hartnrotus
888 5031 965 5100 post
984 5031 1163 5093 tantorum,
1195 5032 1228 5085 ut
1249 5041 1345 5102 supra
1366 5017 1683 5084 coratuemoravimus
1702 5017 1930 5100 perlectionem
1954 5016 2045 5081 labo-

199 5116 305 5177 rutn.“
345 5112 458 5174 Verba
479 5123 555 5175 sunt
575 5113 709 5194 Bapeni
727 5115 811 5200 apud
826 5113 926 5180 Pena.
944 5113 1093 5198 pagi&
1113 5115 1114 5120 ’
1208 5121 1212 5126 ’
