4764 6076
277 403 341 469 DE
365 403 504 470 NOTIS
526 399 849 468 MANUSCRIP'I'I
870 389 1223 490 SANGALLENSIS
1244 403 1613 469 MARGINALIBUS.
1657 404 1762 470 CAP.
1785 409 1848 470 Vl.
1936 411 2060 476 xxxl

145 581 343 656 reddidisti.
390 587 436 654 Et
460 607 688 680 quascunque
715 602 805 654 artes
832 581 980 690 Graecia
1001 608 1067 681 per
1088 583 1244 680 singulos
1269 582 1361 656 viros
1391 580 1519 676 edidit,
1546 601 1581 652 te
1599 607 1672 656 uno
1689 604 1831 658 auctore
1852 589 1967 687 patrio
1989 615 2060 662 ser-

148 729 257 776 mone
286 711 399 777 Roma
423 702 597 804 suscepit,
638 729 728 801 quos
756 725 850 775 tanta
879 708 1067 806 verborum
1093 705 1287 778 luculentia
1312 704 1498 778 reddidisti
1523 703 1654 791 claros,
1696 727 1789 782 tanta
1814 709 1952 806 linguae
1974 738 2059 811 pro·
2146 739 2154 748 ·

149 825 296 926 prietate
329 825 561 926 conspicuos,
594 846 635 897 ut
666 826 864 926 potuissent
897 846 932 898 et
964 827 1016 897 illi
1050 854 1141 928 opus
1176 847 1277 898 tuum
1305 827 1498 927 praeferre,
1543 825 1572 896 si
1600 847 1790 925 utrumque
1818 829 2029 905 didicissent.
2039 849 2061 880 ‘⁸

148 948 312 1048 Inprimis
339 949 433 1049 apud
461 947 705 1022 Benedictinos
732 949 985 1022 celebrabatur.
1037 953 1195 1047 Namque
1223 948 1379 1045 quamvis
1402 949 1546 1022 Boc'lr'us
1570 947 1680 1019 tribus
1711 951 1809 1022 annis
1833 953 1930 1051 prius
1956 983 2061 1052 quam

148 1069 358 1142 Benedictus
387 1091 547 1144 montem
572 1070 735 1142 Casinum
762 1070 941 1158 inviseret,
978 1091 1139 1142 mortuus
1161 1091 1230 1157 est,
1261 1091 1378 1142 tamen
1404 1072 1493 1141 fama
1513 1070 1716 1168 vulgabatur
1734 1073 1839 1146 huius
1865 1079 2063 1150 :nonasterii

150 1193 267 1265 fautor
286 1212 392 1289 atquc
415 1193 564 1275 amicus,
590 1192 752 1290 adeoque
775 1193 913 1265 nomini
929 1193 1044 1294 ipsius
1064 1193 1188 1268 seriori
1210 1213 1371 1293 tempore
1392 1199 1525 1268 Romae
1549 1193 1800 1264 monasterium
1817 1195 1972 1266 dicatum
2000 1220 2062 1271 est.

149 1313 200 1386 Cs.
224 1311 414 1387 Mubillon.
438 1316 549 1386 annal.
576 1314 661 1386 Ord.
687 1319 720 1386 S.
747 1316 875 1388 Bened.
898 1320 1000 1389 Tom.
1027 1322 1053 1388 t.
1080 1317 1139 1388 101.
1169 1312 1227 1389 59.
1254 1316 1314 1389 101.
1342 1313 1424 1388 537.
1482 1314 1649 1386 Eiusdem
1674 1341 1782 1414 opera
1808 1317 1967 1417 inprimis
1992 1319 2065 1390 dia-

148 1437 275 1509 lectica
309 1457 344 1510 et
375 1437 507 1510 musica
531 1458 567 1510 et
588 1438 776 1538 Porphyrii
806 1438 978 1537 quaedam
1000 1439 1045 1509 ut'
1062 1463 1128 1537 per
1155 1458 1266 1510 totam
1295 1437 1447 1508 mediam
1485 1456 1633 1507 aetatem
1660 1436 1880 1508 literatorum
1909 1440 2065 1510 manibus

150 1561 369 1640 terebantur,
404 1558 508 1630 etiam
534 1560 572 1630 in
597 1585 641 1632 eo
662 1561 875 1634 monasterio
897 1561 1090 1634 innotuisse
1119 1561 1297 1642 videntur,
1331 1560 1369 1630 in
1390 1585 1463 1656 quo
1482 1579 1602 1630 noster
1618 1579 1653 1629 et
1672 1560 1923 1632 Euemerianus
1940 1563 2067 1632 exarati

151 1701 243 1754 sunt.
296 1681 394 1759 Vide
420 1687 583 1754 Boemer.
609 1683 669 1755 101.
698 1684 736 1768 2,
767 1685 826 1774 46.
857 1683 903 1754 67
934 1708 1047 1755 verso.
1071 1681 1128 1755 89.
1153 1681 1212 1756 90.
1244 1727 1291 1740 -
1319 1681 1490 1754 Memoria
1513 1681 1619 1752 etiam
1647 1680 1719 1754 hoc
1747 1680 1893 1778 dignum
1917 1683 2065 1768 videtur,

153 1803 252 1900 quod
289 1829 353 1904 per
382 1804 585 1876 Aelsredum
617 1831 734 1904 regem
766 1805 881 1882 Boe'tii
910 1804 955 1876 de
993 1805 1234 1876 consolatione
1264 1803 1514 1905 philosophiae
1537 1803 1617 1873 libri
1645 1799 1724 1873 5in
1753 1806 2066 1901 Anglosaxonicam

150 1923 340 1996 dialectum
357 1925 511 1998 translati
528 1949 627 2013 sunt,
661 1907 707 1999 ut*
717 1928 863 2000 omnino
882 1928 976 2028 apud
988 1905 1141 2001 Saxones
1150 1929 1281 2025 Anglos
1292 1927 1432 1998 Boetius
1449 1926 1600 1996 multum
1618 1932 1825 2000 versabatur.
1860 1928 1909 1997 cf.
1924 1927 2066 1999 Mobill.

150 2045 220 2116 iter
245 2048 322 2118 Ital.
344 2074 422 2146 pag.
448 2049 530 2121 221.
579 2056 667 2121 Nam
692 2077 803 2148 quum
822 2051 892 2121 sint
917 2050 1043 2148 aliqui,
1078 2049 1140 2146 qui
1164 2047 1389 2121 Boerneriani
1411 2047 1561 2148 patriam
1582 2047 1791 2119 Britanniam
1814 2073 1886 2118 csse
1907 2069 2066 2130 statuant,

149 2165 222 2239 hoc
248 2169 411 2256 efficitur,
458 2172 562 2244 etiarn
586 2173 624 2243 in
651 2174 824 2274 Britapnia
845 2173 958 2250 Boiitii
977 2172 1136 2245 lloruissc
1161 2172 1414 2244 auctoritatem.

247 2295 327 2362 Non
357 2294 444 2364 milri
476 2296 660 2368 sumserim
691 2297 857 2384 delinire,
896 2297 938 2369 ad
964 2323 1070 2393 quern
1098 2295 1213 2371 Betui
1237 2295 1357 2367 locum
1383 2291 1542 2362 librarius
1570 2317 1647 2390 pag.
1672 2293 1742 2381 140
1761 2290 1967 2389 respexerit}
2008 2291 2068 2360 setl

152 2412 225 2484 hoc
248 2439 323 2486 non
343 2405 488 2514 possum
508 2444 582 2489 non
605 2445 769 2512 monere,
806 2417 898 2490 inter
924 2417 1032 2488 libros
1055 2419 1097 2488 ab
1124 2415 1345 2487 Hartmuodo
1371 2411 1740 2485 Sancti-Callensibus
1763 2412 1921 2506 relictos,
1959 2413 2071 2488 Bo'c‘tii

153 2535 261 2608 libros
289 2537 560 2638 philosophicae
582 2539 833 2614 consolationis
854 2541 968 2613 luisse.
1003 2541 1053 2611 Cf.
1080 2538 1245 2614 Goldast.
1270 2563 1364 2610 rern·
1382 2536 1562 2608 Alamann.
1589 2542 1625 2608 P.
1653 2543 1705 2622 II,
1743 2535 1855 2634 pst,
1897 2554 1930 2604 et
1953 2533 2069 2604 indice

153 2657 388 2732 bibliothecae
414 2667 447 2734 S.
471 2663 583 2750 Galli,
625 2689 723 2738 nono
745 2665 887 2737 saeculo
901 2661 903 2666 ’
916 2664 1101 2749 consecto,
1138 2681 1243 2747 teste,
1290 2658 1447 2732 eiusdem
1474 2657 1738 2731 arithmeticam.
1788 2657 1840 2732 Cl.
1867 2654 1990 2732 Orellir'
2015 2679 2069 2756 ep.

157 2779 200 2852 ad
225 2781 390 2878 Madm'g.
425 2809 502 2884 pag.
524 2791 632 2858 XVII.

53 3015 282 3088 Mattianum
319 3017 398 3114 lege.
426 3045 503 3121 pag.
532 3020 613 3093 155.
997 2923 1030 3022 §·
1067 2918 1127 2991 77·

54 3139 210 3260 Μαᾝτιιῐ
234 3175 313 3249 pag.
342 3150 427 3241 294.

59 3272 195 3382 Μαρῖῖ
229 3305 307 3378 Ρὸς·
334 3281 417 3356 270·

51 3407 156 3512 Μῖῥ.
189 3436 267 3509 pag.
291 3407 358 3493 55,
389 3401 454 3492 59,
483 3409 547 3496 62,
583 3406 669 3494 158,
704 3407 795 3496 256,
837 3412 907 3480 551
940 3410 986 3506 (l)
1010 3403 1095 3514 559.

50 3531 106 3620 01.
143 3565 221 3639 pag.
250 3543 316 3629 sa,
358 3545 423 3636 64,
462 3535 531 3626 05,
559 3543 631 3626 70,
666 3542 749 3632 ³47·

51 3657 166 3733 Felix
205 3661 361 3760 Capella.
392 3689 470 3762 pag.
502 3663 585 3736 222.

159 3784 286 3856 deinde
318 3785 355 3856 in
384 3785 618 3858 Bocrneriano

52 3911 152 4010 Μῖρ,
182 3904 242 3978 101.
265 3909 312 3977 50
340 3933 460 3994 verso,
509 3908 568 3979 101.
592 3908 639 3978 52
658 3934 777 3994 verso,
822 3907 881 3979 101.
910 3905 976 3990 59,
1018 3902 1078 3975 101.
1103 3904 1149 3994 45
1183 3925 1302 3984 versa,
1354 3898 1413 3970 101.
1437 3905 1485 3989 44
1510 3925 1627 3982 verso,
1689 3898 1749 3969 101.
1770 3897 1834 3988 45,
1890 3897 1948 3968 101.
1970 3899 2018 3988 48
2039 3920 2074 3968 et
2166 3899 2167 3904 ’

155 4030 203 4119 48
231 4019 350 4112 00000,
382 4031 442 4102 101.
466 4031 531 4123 64,
568 4031 628 4103 101.
656 4033 716 4118 77,
747 4031 807 4102 101.
830 4030 889 4102 89.

156 4149 244 4225 hacc
269 4153 387 4225 omnia
410 4153 483 4224 sine
505 4153 614 4225 dubio
635 4141 677 4224 ad
702 4180 814 4224 unum
836 4151 1063 4248 scriptorem,
1111 4145 1153 4218 ad
1177 4143 1408 4216 Mattianum*
1425 4141 1587 4214 Mineum
1607 4139 1758 4213 Felicem
1786 4139 1967 4237 Capellam
1988 4142 2074 4212 rese·
2208 4225 2215 4238 ·

156 4273 265 4346 renda
282 4296 380 4362 sunt,
407 4275 506 4347 cuius
523 4302 588 4376 per
605 4276 720 4347 media
741 4297 900 4375 tempora
922 4273 959 4341 in
983 4269 1143 4342 omnium
1166 4266 1386 4340 eruditorum
1405 4265 1563 4336 manibus
1584 4261 1765 4362 Satyricon
1788 4261 1867 4346 fuit,
1906 4263 2073 4344 oratione,

156 4425 198 4469 ex
220 4399 475 4478 consuetudine
498 4399 553 4470 sui
574 4398 743 4500 temporis
765 4398 820 4497 ³²⁴),
856 4389 1013 4495 pedestri
1040 4411 1076 4463 et
1103 4389 1206 4487 ligata
1234 4388 1401 4475 ntixtum,
1434 4408 1570 4488 septem
1594 4383 1690 4456 libris
1711 4381 1771 4483 *1)
1800 4383 2072 4479 grammaticam,

157 4519 328 4618 logicam,
370 4519 602 4606 rhetoricam,
640 4520 829 4606 mathesin,
872 4515 1147 4600 arithmeticam,
1188 4512 1456 4596 astronomiam,
1493 4508 1663 4579 arausicam
1694 4529 1892 4602 exponens3
1932 4503 2073 4601 dequo

155 4641 291 4715 iuvenis
322 4641 465 4718 Grattius
499 4644 537 4715 in
575 4643 742 4745 epistola,
793 4667 899 4739 quam
937 4639 981 4710 ad
1009 4637 1201 4710 Henricum
1234 4633 1449 4708 Borbonium
1476 4629 1591 4714 dedit,
1634 4627 1722 4708 eius,
1762 4625 1827 4710 ait,
1865 4624 1909 4694 de
1937 4643 2074 4724 septem

149 4919 179 4994 *)
221 4895 324 4980 Simili
346 4917 442 4978 ruodo
464 4913 556 4977 etiarn
577 4915 712 4976 nutam
732 4913 836 4988 (hanc
856 4911 938 4974 enirn
960 4907 1122 4972 scribendi
1143 4903 1300 4969 rationem
1329 4903 1420 4966 alteri
1448 4902 1616 4984 praefero,
1652 4918 1747 4981 quam
1767 4899 1864 4958 modo
1887 4897 1930 4956 ob
1951 4891 2073 4954 codicis

140 5065 143 5070 .
206 5010 325 5076 nostri
344 5009 523 5090 exetoplutn
545 5021 674 5072 secutus
694 5006 761 5082 101)
782 5023 914 5087 prosam
937 5023 1113 5084 versusque
1135 5000 1166 5062 in
1188 4999 1274 5062 libro
1303 4999 1342 5060 de
1363 4995 1587 5060 consolatione
1608 4989 1834 5073 philosophiae
1854 4986 1992 5074 tniscttit.

125 5107 173 5182 '‘*l
215 5107 326 5187 Septem
352 5101 440 5168 dico.
484 5103 625 5166 Eutenda
646 5103 801 5163 Baranam
820 5097 852 5162 in
875 5099 976 5164 libro:
1007 5094 1199 5160 Geselrichte
1222 5096 1280 5158 der
1299 5098 1382 5156 ro‘m.
1406 5089 1470 5153 Lit.
1494 5088 1583 5152 1828.
1606 5107 1682 5170 pag.
1704 5085 1774 5150 5³9.
