4764 6076
640 428 878 495 EDITIONIS
900 429 1172 496 CONSlLlUM.
1215 427 1320 496 CAP.
1341 429 1388 496 ΙΙ.
1946 440 2032 506 Xlll

21 613 220 712 (articulo)
249 613 445 685 constaret?
479 611 649 709 Regulam
677 611 769 683 hanc
798 632 919 685 noster
942 613 980 681 in
1006 609 1208 684 universum
1234 610 1272 680 in
1300 611 1440 708 punctis
1472 611 1688 684 collocandis
1717 637 1854 690 secutus
1869 644 1953 704 est,
1990 647 2031 698 ut

20 735 163 806 minora
191 735 359 807 vocabula
388 737 546 807 maxime
575 756 729 822 curaret,
769 736 892 807 deinde
923 733 1040 806 omnia
1070 758 1127 817 ea,
1161 731 1199 800 in
1231 730 1357 828 quibus
1385 729 1529 802 haerere
1555 733 1582 802 is
1612 760 1714 832 posse
1742 737 1932 826 videretur,
1969 749 2031 844 qui

18 855 186 928 nondum
211 857 300 928 bene
324 861 458 929 Graece
485 856 598 929 sciret.
624 855 662 956 *l
715 859 777 930 Est
801 883 880 958 pars
905 853 1003 941 libri,
1033 879 1098 952 per
1122 862 1229 950 quain
1253 865 1336 952 p'ost
1361 854 1511 954 quodvis
1537 859 1747 932 vocabulum
1772 884 1945 960 punctum
1969 889 2030 941 est.

932 1022 996 1126 Ις,
1035 1015 1092 1114 27-

124 1165 257 1238 Tamen
276 1180 312 1231 et
326 1184 398 1258 ,ego
418 1161 614 1235 stiuhorum
630 1159 760 1232 indicia
779 1158 947 1258 reperisse
969 1154 1063 1238 mihi,
1084 1154 1231 1226 videoru
1266 1154 1415 1225 Maiores
1436 1174 1516 1225 suut
1533 1155 1662 1228 literae.
1713 1160 1832 1233 Plures
1857 1167 2035 1241 interdum

18 1281 158 1354 stichos
189 1267 339 1352 maxima
368 1281 466 1355 litera
499 1280 765 1382 complectitur,
802 1279 891 1365 sive,
925 1299 964 1351 ut
993 1276 1138 1374 antiquo
1168 1275 1310 1348 nomine
1343 1277 1549 1348 sententiam
1584 1306 1697 1350 meam
1726 1265 1932 1383 exprimam,
1972 1319 2036 1391 per

19 1413 118 1477 κῶλα
142 1423 177 1475 et
201 1409 360 1496 κόμματα
385 1421 459 1474 tota
489 1401 635 1501 scriptio
669 1399 841 1500 procedit.
894 1399 943 1471 Cf.
977 1397 1228 1499 Monlsaucon,
1263 1398 1331 1470 loc.
1366 1399 1424 1470 cit.
1460 1401 1519 1472 fol.
1551 1403 1607 1472 30.
1636 1429 1732 1502 seqq.
1759 1408 1860 1506 unde
1888 1412 2034 1510 vulgaris

20 1527 72 1598 de
99 1527 219 1602 stichis
245 1527 368 1630 opinio
393 1523 613 1597 emendanda
638 1544 699 1594 est.
751 1522 962 1622 Exemplum
985 1519 1058 1592 hoc
1084 1539 1176 1592 esto:

343 1688 420 1754 pag.
443 1667 493 1730 22.
540 1665 654 1728 Ταυτα
676 1665 711 1726 de
732 1677 835 1726 aurov
855 1659 1109 1744 ενθνμηθεντος

542 1767 622 1832 ldov
642 1766 778 1846 αγγελος
797 1786 912 1850 κυριου
931 1782 1076 1844 κατοναρ
1099 1780 1207 1840 εφανη
1228 1783 1315 1825 eoru
1336 1764 1438 1845 leyur

545 1871 662 1956 Ιωσηφ
683 1889 754 1944 vace
774 1867 889 1932 daveid

550 1973 611 2051 Μη
632 1971 795 2062 φοβηθῇς
814 1965 1025 2059 παραλαβεῖν
1042 1989 1176 2055 μαριαμ
1196 1989 1256 2048 την
1275 1987 1415 2050 motato
1435 1989 1496 2034 σου

551 2076 598 2139 To
618 2097 683 2160 γαρ
705 2092 740 2140 εν
759 2095 842 2151 αντη
862 2073 1006 2156 remum
1026 2095 1061 2138 εκ
1080 2091 1264 2154 πνευματος
1284 2091 1372 2136 εστιν
1391 2094 1488 2154 αγιου

550 2176 682 2258 Teletos
702 2177 738 2240 de
758 2196 831 2240 υιον

545 2281 618 2344 Και
637 2282 785 2358 καλεσεις
804 2303 842 2345 w
863 2301 972 2363 ονομα
993 2300 1093 2342 αυτου
1114 2277 1234 2357 Ιησουν

548 2385 659 2458 Actor
678 2407 743 2468 γαρ
764 2403 862 2446 σωσει
882 2404 940 2446 τον
959 2383 1045 2447 laer
1064 2403 1165 2446 aaron
1185 2402 1253 2444 arto
1274 2401 1338 2445 των
1355 2367 1528 2467 ἀμαρτιων
1548 2406 1654 2448 autur

552 2487 658 2551 Τουτο
680 2486 716 2550 δε
736 2487 815 2550 ολον
834 2506 966 2570 ytyovev

559 2591 621 2654 Ινα
640 2589 806 2677 claperia
826 2610 862 2652 ro
883 2588 992 2674 ρηθεν
1011 2609 1075 2652 vato
1095 2608 1209 2673 καριου

547 2694 612 2758 Δια
632 2715 691 2757 του
711 2713 887 2780 repoposcit
906 2693 1057 2774 λεγοντος

551 2796 631 2861 Ιδου
650 2821 672 2874 η
693 2797 867 2881 ααρθινος
888 2815 922 2859 εν
941 2815 1061 2881 γαστρι
1081 2790 1142 2870 εξει
1162 2814 1219 2856 και
1241 2791 1363 2872 regerat
1384 2813 1455 2857 vtov

549 2900 623 2964 Και
643 2899 838 2964 καλεσουσιν
858 2921 896 2964 το
918 2919 1027 2982 ονομα
1048 2918 1149 2962 aanor
1169 2900 1358 2981 supervacui

555 2999 582 3065 0
603 3021 691 3066 εστιν
709 3001 1041 3086 μεθερμηνευομανον
1060 3001 1225 3083 μεθημων
1245 3023 1264 3064 o
1285 3001 1370 3077 θεας
1383 3023 1417 3082 ¹a.
1437 3023 1463 3064 τ.
1484 3001 1512 3063 λ.

135 3127 171 3195 si
197 3149 324 3224 operae
350 3121 504 3222 pretium
532 3120 713 3206 habueris,
749 3118 1064 3217 Cantabrigiensem
1094 3118 1254 3192 evolvere
1280 3119 1561 3218 Kiplingianum‚
1596 3145 1806 3192 consensum
1829 3122 1926 3194 haud
1951 3149 2048 3222 sper-

29 3230 195 3322 nendum
215 3245 376 3345 reperies.
427 3249 611 3317 Caeterum
630 3241 726 3316 baud
749 3259 948 3314 constanter
969 3240 1073 3312 stichi
1093 3242 1140 3312 ita
1159 3267 1224 3339 per
1244 3261 1358 3314 totum
1379 3241 1509 3312 librum
1528 3241 1682 3338 insigniti
1702 3262 1792 3312 sunt.
1844 3242 2045 3330 Interdum,

30 3370 137 3469 quod
162 3369 273 3441 modo
298 3367 373 3466 ipse
397 3364 626 3464 dispositione
652 3365 835 3478 propqsita
861 3364 1067 3462 significavi,
1101 3391 1119 3433 a
1142 3363 1267 3435 maiori
1287 3351 1335 3433 'ad
1360 3365 1534 3434 minorem
1558 3365 1694 3434 literam
1719 3390 1841 3435 manus
1866 3367 2044 3437 aberravit.

31 3501 89 3564 Ita
117 3493 221 3564 etiam
245 3491 283 3560 in
308 3488 374 3560 hac
401 3515 437 3560 re
465 3515 547 3559 cunt
572 3487 805 3560 Boerueriano
831 3506 951 3558 noster
972 3484 1255 3582 componendus.

974 3651 1009 3750 §-
1049 3647 1106 3716 as.

138 3796 188 3862 De
214 3791 293 3862 libri
318 3787 605 3888 quaternionibus
632 3787 719 3859 haec
738 3784 902 3858 notanda.
954 3785 1061 3856 Primi
1087 3784 1326 3880 quaternionis
1349 3785 1504 3883 primum
1526 3784 1651 3856 solium
1677 3789 1831 3858 excisum
1856 3763 1916 3858 est.
1967 3794 2046 3862 Duo

31 3913 169 3984 indicia
185 3933 275 3983 sunt.
329 3916 416 3982 Nam
435 3929 471 3982 et
489 3907 566 3980 folii
587 3907 752 4006 reliquiae
772 3906 864 3978 inter
882 3902 1044 4006 paginam
1064 3907 1109 3976 18
1131 3927 1166 3977 et
1189 3907 1234 3979 19
1255 3907 1363 3979 hodie
1385 3907 1668 4006 conspiciuntur,
1696 3929 1730 3980 et
1753 3929 1846 3981 totus
1864 3911 2047 4006 quaternio
2075 3983 2083 3996 ,

32 4055 178 4136 septem
201 4055 339 4106 tantum
365 4031 472 4118 solia‚·
492 4057 568 4130 pag.
592 4031 638 4102 19
662 4054 774 4127 usque
800 4029 842 4099 ad
866 4052 944 4128 pag.
972 4029 1018 4100 32
1043 4029 1166 4100 inclus.
1191 4030 1447 4128 complectitur.
1498 4033 1631 4102 Tamen
1653 4030 1741 4102 nibil
1767 4032 1885 4103 deesse
1912 4032 2050 4104 videtur

33 4155 172 4256 scripti.
225 4161 382 4252 Namque
405 4151 644 4248 quaternionis
663 4149 800 4246 signum
817 4148 855 4216 iu
874 4173 952 4246 pag.
975 4148 1030 4220 19.
1055 4154 1114 4247 (a)
1136 4151 1327 4250 conspicis,
1353 4151 1450 4250 quod
1468 4151 1541 4224 sine
1563 4151 1672 4225 dubio
1690 4153 1794 4223 simul
1814 4180 1895 4224 cum
1911 4153 2049 4251 reliquo

33 4297 141 4350 textu
163 4278 398 4377 perscriptum
425 4295 486 4346 est.
538 4276 655 4368 Quare
686 4271 809 4344 solium
836 4289 1016 4341 exsectum
1040 4271 1165 4342 tutelae
1196 4273 1276 4345 libri
1307 4274 1517 4346 destinatum
1548 4294 1582 4346 et
1608 4276 1725 4347 album
1754 4275 1915 4346 relictum
1946 4275 2048 4348 [uisse

35 4400 214 4488 existimo.
264 4397 425 4470 Exseoari
446 4397 578 4496 potuit,
606 4422 717 4493 quum
743 4393 813 4466 iam
833 4417 945 4466 novus
972 4394 1155 4490 quaternio
1175 4397 1347 4494 praefixus
1365 4416 1463 4468 esset.
1515 4396 1714 4482 Secundus,
1741 4397 1880 4482 tertius,
1907 4418 2050 4493 quartus

37 4521 290 4620 quaterniones
315 4519 463 4618 perfecti
489 4539 581 4602 sunt.
632 4518 784 4613 Quintus
812 4515 1012 4614 quaternio,
1046 4542 1122 4615 pag.
1147 4518 1205 4588 81.
1238 4511 1422 4618 incipiens,
1456 4539 1592 4618 septem
1616 4539 1751 4590 tantum
1774 4519 1866 4592 soliis
1891 4540 2049 4607 constat,
2104 4492 2112 4503 ⁰

36 4644 189 4729 ultimo,
215 4643 307 4714 inter
321 4667 399 4740 pag.
417 4642 475 4733 94.
499 4662 533 4713 et
556 4637 631 4727 95„
659 4639 786 4713 exciso.
837 4645 888 4711 De
912 4667 981 4737 qua
1009 4665 1045 4710 re
1072 4639 1140 4711 alio
1164 4640 1247 4712 loco
1269 4641 1372 4740 plura
1396 4640 1566 4712 dicentur.
1618 4645 1751 4710 Tamen
1773 4640 1941 4727 intexta,
1968 4641 2051 4712 licet

38 4763 168 4836 ultima
197 4763 322 4863 pagina
355 4788 429 4834 nou
452 4765 555 4862 plane
589 4763 697 4836 literis
728 4763 860 4862 repleta
889 4763 947 4849 sit,
982 4759 1072 4831 nihil
1087 4760 1209 4857 deest.
1261 4768 1383 4834 Sextus
1412 4783 1505 4834 recte
1527 4763 1642 4834 habet.
1695 4763 1869 4861 Septimus
1899 4789 1972 4834 non
1999 4783 2050 4833 est

90 5043 121 5115 ¹³³)
168 5039 267 5121 Woide
286 5037 318 5100 in
338 5035 538 5120 praelatione
559 5039 598 5098 ad
619 5039 690 5100 cod.
712 5035 809 5098 Alex.
833 5035 862 5106 §.
884 5034 934 5096 30.
977 5033 1118 5110 „Voces
1140 5030 1265 5116 quidem
1287 5033 1352 5096 sine
1374 5033 1440 5097 ullo
1462 5033 1643 5098 discrimine
1664 5033 1850 5117 coniungit,
1876 5034 1931 5095 scd
1945 5029 2050 5096 iuter·

163 5125 359 5197 dumtamen
382 5132 474 5196 linem
498 5151 613 5196 vocum
632 5129 804 5212 praecipue
826 5125 1116 5206 monosyllabarum
1139 5159 1177 5174 -
1197 5163 1237 5177 ·-·
1256 5126 1374 5194 notulis
1395 5127 1582 5210 quibusdam
1603 5129 1684 5194 solet
1705 5127 1918 5210 indigitare.“
2037 5163 2040 5170 ,
