4764 6076
350 517 434 583 LIV
593 519 961 590 PROLEGOMENA
981 519 1045 588 DE
1074 517 1292 586 cantatur
1317 521 1497 589 ntnatttt
1517 519 1860 588 PtcTAvtttttsts.
1901 519 2009 588 CAP.
2033 522 2132 586 vttt.

833 707 1009 770 Sacrorum
1030 702 1095 768 ritu
1116 701 1208 768 vario
1228 702 1420 796 templisque
1441 703 1554 770 dicatis

834 807 874 874 ln
894 827 1024 874 tremore
1044 805 1170 872 incluso
1192 806 1324 889 sculptis
1341 812 1385 873 de
1405 829 1565 874 marmore
1584 805 1711 892 templis

831 913 919 977 Aere
939 929 1021 974 cavo
1041 907 1156 992 positis
1176 908 1277 992 signis
1296 908 1487 996 picturaque
1507 910 1593 976 inani

833 1014 883 1078 Te
904 1024 1017 1098 gentes
1035 1011 1214 1098 populique
1235 1013 1347 1080 colunt
1366 1013 1428 1078 tibi
1449 1029 1524 1081 vota
1543 1035 1722 1100 precesque

833 1114 1021 1200 Suscipiunt
1041 1121 1224 1200 nomenque
1244 1130 1333 1184 tuum
1354 1138 1534 1205 nomenque
1554 1117 1724 1204 requirunt
1844 1120 1884 1184 90

831 1223 884 1287 Ac
905 1219 1046 1285 velutin
1067 1220 1209 1284 tenebris
1230 1233 1317 1286 errat
1338 1220 1392 1286 cui
1412 1222 1517 1288 lumen
1539 1228 1720 1305 ademptum

833 1325 937 1391 Sentit
957 1329 1066 1390 adesse
1085 1324 1246 1390 bominem
1267 1325 1324 1407 qui
1343 1325 1385 1390 sit
1405 1327 1462 1392 ubi
1483 1327 1618 1412 denique
1638 1325 1729 1392 sistat

835 1427 950 1494 Nescit
968 1441 1001 1493 et
1020 1427 1151 1512 ignarus
1171 1449 1231 1512 per
1249 1427 1355 1492 inania
1376 1431 1507 1496 brachia
1527 1430 1624 1494 iactat

831 1535 997 1600 Prendere
1018 1531 1045 1594 si
1065 1531 1372 1616 possittactumque
1392 1531 1546 1597 adsistere
1566 1535 1676 1600 saltem

833 1639 911 1702 Non
932 1635 1026 1700 aliter
1045 1647 1157 1720 genter
1179 1633 1283 1698 caecis
1302 1635 1469 1700 erroribus
1491 1647 1580 1700 actae
1844 1639 1883 1702 tte

835 1743 923 1807 Ante
944 1739 1059 1804 oculos
1078 1738 1219 1823 potitum
1241 1751 1398 1823 quaerunt
1417 1743 1473 1804 sed
1493 1739 1610 1806 lumine
1631 1761 1739 1806 caesae

840 1840 1056 1910 Trausailiunt
1076 1841 1179 1925 ipsum
1200 1865 1293 1928 quem
1315 1855 1473 1928 quaerunt
1493 1845 1615 1911 ludicra
1636 1856 1764 1928 captant

841 1947 1041 2034 Effigiesque
1062 1945 1172 2012 locant
1191 1946 1297 2011 varias
1317 1958 1350 2010 et
1369 1947 1497 2012 nomina
1519 1950 1604 2030 mille

838 2055 1012 2134 Impoouot
1032 2049 1089 2114 uni
1107 2050 1136 2114 ei
1155 2049 1259 2132 possit
1279 2051 1388 2113 adesse
1410 2065 1544 2117 vocatus

836 2157 917 2221 Illos
938 2153 1032 2236 culpa
1052 2152 1169 2234 premit
1190 2151 1326 2238 gravior
1347 2151 1464 2238 quibus
1484 2156 1611 2220 adstetit
1632 2157 1700 2238 ipse

839 2261 926 2324 Ante
947 2257 1061 2322 oculos
1081 2260 1199 2321 doctor
1219 2277 1315 2320 verus
1337 2255 1454 2340 quibus
1475 2277 1533 2324 ore
1554 2259 1681 2324 locutus
1834 2267 1892 2328 100

840 2365 930 2444 Quos
951 2381 1048 2442 prece
1069 2381 1151 2444 quos
1172 2358 1268 2425 dictis
1289 2359 1412 2425 tnonuit
1432 2382 1515 2444 quos
1537 2361 1674 2448 denique
1694 2363 1790 2430 tactis

838 2465 909 2533 Nec
929 2463 1040 2528 videro
1060 2475 1167 2527 tamen
1189 2461 1277 2524 caeci
1297 2485 1368 2525 cum
1391 2463 1494 2528 lumen
1515 2469 1639 2530 adesset
1661 2465 1691 2544 ')

841 2573 908 2635 Per
928 2569 1069 2650 populos
1089 2565 1211 2628 clarum
1232 2565 1327 2629 sactis
1348 2567 1515 2632 celebrans
1536 2570 1712 2650 genitorem

844 2675 992 2756 Namque
1010 2671 1135 2734 iacebat
1155 2671 1252 2734 burno
1272 2668 1403 2752 pallenti
1424 2673 1581 2736 marcidus
1602 2695 1659 2738 ore

844 2776 907 2841 Cui
927 2775 1030 2839 inerat
1051 2771 1172 2837 morbis
1193 2792 1314 2852 corpus
1336 2791 1492 2858 compage
1512 2777 1651 2839 solutum
1835 2787 1891 2846 105

840 2879 1057 2962 viventisque
1078 2876 1199 2942 animae
1220 2879 1336 2939 dudum
1356 2876 1418 2938 iam
1440 2891 1565 2944 mortua
1586 2883 1725 2944 membra

841 2986 947 3068 Surge
969 2980 1013 3044 ait
1033 2993 1129 3062 atque
1149 2979 1195 3041 tui
1216 2978 1277 3042 iam
1299 2979 1374 3043 lecti
1395 2979 1520 3045 baiulus
1542 2996 1610 3047 esto

842 3085 948 3150 Exiiit
969 3095 1063 3168 atque
1084 3085 1191 3145 alacer
1210 3080 1352 3145 humeris
1372 3083 1461 3147 vehit
1481 3084 1549 3168 ipse
1570 3088 1676 3152 cubile

844 3192 934 3253 Ecce
955 3179 1142 3252 trahebatur
1162 3207 1275 3248 caecus
1296 3207 1389 3272 quem
1411 3187 1528 3253 lumine
1549 3191 1708 3270 mator**)

847 3293 1002 3357 Ediderat
1021 3289 1152 3353 viduum
1173 3287 1348 3352 communis
1369 3288 1449 3352 lucia
1470 3306 1613 3372 egentem
1837 3305 1894 3367 tto

846 3399 923 3462 Nou
944 3409 1046 3461 totum
1068 3404 1173 3456 natum
1195 3389 1302 3453 mundi
1323 3391 1395 3474 quia
1417 3405 1507 3474 parte
1527 3401 1658 3463 carebat

846 3501 893 3564 Ut
913 3498 993 3564 vidit
1014 3496 1181 3560 miseratus
1202 3492 1258 3557 ait.
1280 3496 1365 3556 bunc
1387 3515 1520 3561 cernere
1539 3498 1616 3564 iussi

850 3601 1005 3667 Protinus
1026 3603 1066 3664 ad
1087 3599 1209 3662 caelum
1231 3617 1344 3660 caecus
1365 3618 1449 3662 nova
1472 3601 1587 3667 lumina
1609 3605 1707 3672 tollit.

378 3759 740 3776 m

457 3855 487 3930 2²⁴)
528 3857 583 3917 Ad
605 3855 778 3940 marginem
799 3852 950 3917 librarius
972 3851 1037 3936 legi
1058 3845 1161 3913 voluit
1183 3847 1309 3926 deipara·

438 3945 489 4023 ’1)
530 3949 583 4010 Ad
605 3948 779 4033 marginem
801 3947 925 4012 titulum
947 3949 980 4007 ds
1000 3965 1079 4009 coeco
1098 3952 1168 4004 outo
1189 3939 1342 4022 scriptum
1364 3943 1585 4022 deprehendis.

1142 4195 1614 4222 ἡ..

1219 4416 1532 4518 Corrigenda.

904 4611 975 4686 Peg.
995 4607 1055 4669 IV.
1073 4609 1128 4671 lin.
1167 4617 1192 4670 t.
1212 4629 1268 4687 pro
1287 4613 1466 4688 oplimnrum
1483 4617 1540 4693 leg.
1561 4619 1759 4694 optimorum.

936 4735 951 4746 -
1002 4701 1107 4766 V1.-
1152 4711 1195 4766 tt.
1230 4737 1247 4749 -
1288 4705 1370 4762 lanta
1496 4741 1513 4754 -
1565 4725 1661 4771 tnrttn.

1013 4827 1028 4839 -
1083 4829 1100 4838 -
1144 4803 1189 4856 21.
1224 4831 1240 4840 -
1285 4795 1413 4857 tibraria
1495 4811 1511 4846 ‘-
1556 4801 1709 4863 libraria.

929 4915 945 4927 -
989 4883 1059 4943 VII.
1083 4919 1100 4930 -
1144 4893 1190 4946 2³.
1225 4919 1242 4932 -
1284 4889 1460 4948 interlineas
1495 4925 1511 4936 -
1563 4895 1644 4954 inter
1662 4895 1771 4955 linens.

930 5005 946 5016 ·
997 4973 1053 5032 tx.
1086 5005 1103 5017 -
1147 4983 1189 5035 10.
1225 5009 1242 5022 -
1285 4999 1345 5055 quo
1493 5011 1509 5027 -
1561 5003 1631 5059 qun.

933 5099 949 5112 -
1001 5063 1058 5123 X.'
1087 5098 1104 5109 -
1148 5075 1194 5128 tt.
1229 5101 1246 5116 -
1288 5071 1385 5130 indies
1497 5109 1513 5119 -
1565 5075 1600 5133 t'm
1616 5077 1695 5139 dies.

929 5187 947 5200 -
980 5153 1067 5214 xlv.
1087 5187 1103 5199 -
1146 5165 1190 5220 15.
1226 5193 1242 5207 -
1286 5173 1427 5220 exsecato
1497 5199 1512 5211 -
1564 5183 1697 5227 exsecto.
