4802 6062
228 365 240 382 ⁸
368 422 456 494 vm
1185 411 1550 484 PROLEGOMENA

370 585 538 683 temionis
557 601 642 677 cotia
667 597 813 674 omnino
835 621 910 671 noa
929 594 1122 696 pertinere:
1149 595 1240 670 adeo
1265 593 1435 698 adspectu
1457 597 1576 698 primo
1597 601 1640 672 ah
1659 597 1803 674 illorum
1820 581 1944 682 habitu
1963 603 2107 681 recedit.
2158 609 2373 684 Perloratura

369 752 421 805 est
438 751 474 805 et
487 727 644 802 luridum
661 721 827 812 omnino;
851 737 940 792 tetra
957 717 1030 794 eius
1047 717 1150 793 facim
1169 737 1205 794 et
1219 717 1323 801 sicca,
1348 718 1492 818 reliquie
1508 717 1722 820 pinguedine
1739 742 1780 795 ut
1795 722 1843 795 ita
1860 723 1981 796 diearn
1991 725 2191 804 nitentibus.
2243 735 2373 804 Tamen

368 855 443 926 sine
461 849 560 925 omni
574 845 790 924 dubitatione
809 839 853 914 ad
867 839 1019 914 eundern
1035 840 1302 948 quaternionem
1317 841 1360 911 ah
1375 837 1477 912 initio
1493 841 1682 942 pertinuit,
1709 845 1768 915 cui
1782 842 1891 918 hodie
1909 845 2090 936 adhaeret,
2115 875 2197 922 nam
2217 852 2373 924 eiusdem

369 977 507 1050 chartae
528 992 757 1076 pergamenae
773 965 880 1037 altera
897 987 978 1062 pars
998 961 1103 1034 efficit
1122 961 1248 1034 lolium
1263 961 1478 1035 murum:
1488 987 1567 1064 pag.
1590 965 1633 1036 17
1653 983 1689 1036 et
1703 965 1752 1074 18¹
1767 963 1917 1056 codicis,
1943 968 1973 1039 si
1985 993 2152 1044 numeros
2168 951 2373 1071 paginarum

369 1095 527 1196 respicis;
552 1090 717 1194 paginam
742 1083 787 1158 15
810 1105 845 1160 et
867 1084 916 1156 16
935 1083 965 1155 si
985 1107 1108 1156 rerum
1127 1093 1317 1156 numentum
1338 1083 1445 1156 ineas.
1491 1087 1539 1156 At
1560 1107 1645 1158 vero
1669 1085 1786 1186 ipsum
1810 1088 1935 1161 solium
1961 1109 2140 1176 octavum,
2166 1093 2266 1190 quod
2296 1121 2374 1166 curn

369 1219 457 1292 solio
473 1216 591 1318 primo
607 1210 756 1284 eandem
771 1207 926 1282 chartam
942 1204 1066 1290 efficit,
1089 1203 1297 1280 nitidissime
1313 1223 1383 1298 est,
1407 1224 1443 1282 et
1458 1205 1548 1282 nulli
1564 1206 1778 1311 reliquarum
1793 1209 1999 1310 paginarum
2015 1213 2255 1310 quaternionis
2271 1213 2373 1314 primi

368 1336 556 1442 splendore
582 1332 689 1408 cedit.
1187 1313 1191 1322 ⁸

1311 1463 1344 1564 ς.
1385 1465 1444 1557 141
1489 1497 1496 1511 ’
1557 1499 1562 1516 ¹
1618 1494 1624 1508 '
1663 1498 1672 1518 ·
1719 1501 1724 1512 '
1780 1499 1787 1524 ³

468 1587 628 1666 Tertium
651 1585 819 1688 reperisse
838 1583 927 1658 mihi
948 1582 1074 1658 videor
1099 1603 1299 1672 externum,
1326 1585 1425 1682 quod
1450 1583 1575 1674 docet,
1598 1586 1755 1688 primum
1781 1587 1915 1674 codicia
1942 1585 2209 1684 quaternionem
2235 1585 2373 1658 aliunde

370 1715 564 1792 accessisse.
609 1717 699 1786 Nam
718 1735 758 1781 ea
774 1707 811 1780 in
831 1708 957 1809 pagina
975 1733 1065 1805 qnae
1082 1705 1152 1778 iarn
1167 1705 1427 1780 undevicesima
1444 1727 1649 1781 numeratur
1668 1709 1706 1780 in
1722 1709 1876 1807 margine
1897 1707 2037 1780 sinistro
2057 1733 2246 1779 numerum
2271 1707 2375 1806 primi

370 1834 608 1937 quaternionis
641 1831 742 1904 facile
772 1830 929 1926 deteges,
961 1828 992 1900 si
1031 1827 1193 1902 codicem
1222 1826 1341 1930 ipsum
1370 1827 1543 1928 inspicere
1574 1830 1683 1904 voles.
1736 1830 1806 1902 Sed
1831 1829 2062 1930 pallidissimo
2092 1849 2289 1902 atramento
2322 1827 2374 1900 hie

369 1983 536 2031 numerus
549 1955 699 2054 scriptus
719 1969 789 2039 eet,
814 1949 863 2022 ita
877 1969 918 2022 ut
932 1948 1064 2050 pictori
1078 1975 1161 2022 meo
1177 1947 1391 2048 calligrapho
1410 1949 1598 2027 omittendi
1614 1950 1738 2024 auctor
1753 1951 1891 2024 luerim.
1939 1950 2047 2043 Quod
2065 1975 2109 2022 eo
2126 1950 2235 2048 magis
2252 1949 2375 2030 doleo,

369 2105 480 2178 quum
503 2077 573 2150 iam
596 2073 685 2146 mihi
711 2097 916 2174 persuasum
944 2070 1005 2154 sit,
1038 2069 1131 2144 hanc
1156 2089 1278 2144 notam
1302 2070 1413 2144 serius
1441 2071 1608 2172 scriptam
1636 2097 1731 2160 esse,
1764 2098 1870 2170 quam
1894 2073 2011 2174 ipsum
2035 2071 2210 2145 codicem.
2259 2075 2373 2164 Quare

352 2200 474 2296 ⁸etiarn
502 2197 721 2294 reliquorum
745 2191 1019 2292 quaternionum
1041 2216 1209 2266 numeros
1235 2217 1255 2262 a
1283 2191 1389 2264 tertio
1411 2191 1496 2264 inde
1523 2219 1545 2265 a
1567 2193 1741 2293 scriptore
1768 2219 1849 2266 meo
1875 2193 2085 2294 repetendos
2116 2192 2246 2264 curari.
2300 2191 2374 2262 Sine

268 2331 270 2338 '
353 2319 479 2418 'dubio
502 2317 622 2391 atatim
643 2341 725 2388 cum
751 2314 875 2388 codice
900 2313 979 2414 ipso
999 2314 1128 2386 Gracci
1151 2313 1423 2410 quaternionum
1448 2312 1587 2389 numeri
1608 2331 1690 2386 eunt
1714 2315 1911 2415 perscripti.
1960 2315 2117 2388 Primrnn
2138 2312 2322 2412 conspicis
2346 2313 2377 2382 ia

351 2467 508 2516 *summo
534 2457 648 2510 textus
663 2436 767 2512 litore
792 2435 917 2512 dextro
941 2435 1085 2538 paginae
1110 2432 1389 2512 undevicesimae
1416 2443 1497 2535 (A)5
1521 2434 1719 2510 secundum
1735 2461 1815 2536 pag.
1836 2437 1881 2506 55
1900 2445 1962 2528 (Β)
1978 2435 2120 2510 tertium
2136 2458 2215 2534 pag.
2232 2433 2297 2528 49.
2322 2442 2374 2518 (Γι

370 2582 407 2636 et
429 2587 480 2634 erc
503 2584 627 2664 porro.
684 2627 688 2639 ,

1302 2693 1337 2794 §.
1377 2689 1436 2768 15.
1705 2765 1712 2778 ,

465 2823 507 2892 In
524 2837 647 2917 quarta
664 2839 771 2916 quam
790 2813 901 2889 modo
920 2813 1179 2901 afferamcausa
1194 2807 1260 2914 per
1280 2839 1318 2886 se
1337 2815 1483 2913 quidem
1503 2831 1658 2916 spectata
1677 2838 1752 2888 uon
1773 2813 1932 2888 confido.
1979 2812 2172 2888 Atramenti
2189 2831 2242 2883 est
2259 2813 2384 2895 color,

369 2967 389 3014 a
413 2940 542 3039 reliqui
559 2940 641 3022 libri
664 2938 785 3012 colore
810 2937 976 3012 diversus.
1024 2940 1111 3008 Nam
1130 2961 1204 3010 non
1229 2935 1462 3010 dubitandum
1481 2957 1547 3026 est,
1573 2937 1704 3012 multos
1726 2961 1851 3010 eorum
1873 2933 1936 3034 qui
1960 2932 2101 3009 codices
2123 2951 2375 3020 nectarea-unt,

371 3061 554 3134 atramenti
579 3059 700 3134 colore
725 3058 822 3134 varia
848 3083 884 3132 re
910 3056 982 3129 falli
1008 3081 1080 3128 esse
1106 3081 1238 3155 passos.
1288 3057 1376 3130 Vide
1402 3084 1490 3156 quae
1517 3057 1560 3130 de
1585 3057 1652 3131 hac
1677 3083 1715 3132 re
1739 3057 1829 3130 infra
1851 3057 1989 3132 monui.

466 3180 598 3274 Quinta
624 3203 709 3254 vero
742 3205 845 3252 cauea
869 3177 1011 3250 maximi
1038 3179 1211 3251 momenti
1238 3198 1301 3252 est.
1348 3179 1385 3252 si
1413 3179 1507 3252 enim
1536 3178 1643 3279 quod'
1663 3179 1822 3252 manibus
1852 3197 1953 3252 tenes
1982 3177 2209 3255 siraulacrmn
2243 3179 2376 3251 codicis

366 3301 593 3402 sangallensis
618 3301 808 3388 evolveris,
844 3319 880 3373 et
908 3299 1145 3371 characterem
1178 3298 1387 3372 Latinorum
1419 3299 1565 3400 paginae
1591 3299 1733 3398 qrrintae
1759 3325 1842 3370 cnm
1865 3297 2064 3372 charactere
2089 3297 2236 3400 paginae
2265 3298 2377 3369 unde

366 3423 549 3496 vicesimae
569 3421 842 3523 comparaveris,
865 3420 982 3494 ratim
999 3421 1151 3492 multum
1169 3419 1325 3494 diversos
1344 3445 1418 3494 esse
1436 3420 1601 3521 reperies.
1651 3423 1773 3514 Quum
1791 3440 1908 3493 autem
1926 3445 2045 3520 perse
2064 3437 2197 3520 pateat,
2224 3443 2266 3490 ea
2288 3445 2376 3516 quae

355 3545 404 3618 ‚iu
430 3543 555 3645 pagina
580 3543 695 3644 prima
717 3564 754 3616 et
775 3541 952 3630 secunda,
983 3541 1123 3640 quinta,
1156 3561 1268 3630 sexta,
1301 3542 1450 3644 septima
1476 3560 1512 3615 et
1537 3541 1822 3640 quintadecima
1847 3541 2047 3617 interlineas
2073 3559 2108 3611 et
2132 3537 2170 3609 in
2197 3539 2376 3636 margine,

352 3665 518 3764 ,septima
541 3687 577 3737 et
597 3683 720 3738 actara
738 3661 874 3734 decima
894 3663 934 3734 in
954 3663 1118 3748 inferiore
1144 3688 1224 3752 ora,
1250 3684 1373 3738 octava
1392 3683 1466 3739 tota
1487 3657 1666 3762 legantur,
1691 3662 1800 3736 serius
1822 3687 1928 3760 qaam
1951 3661 2087 3759 reliqua
2108 3659 2213 3732 huius
2236 3681 2378 3757 quater·

366 3785 487 3858 nionie
507 3785 638 3884 scripta
670 3808 760 3856 esse:
796 3782 1042 3858 tantummodo
1074 3803 1199 3874 restat,
1224 3804 1264 3858 ut
1285 3805 1488 3884 quaeratur,
1512 3783 1551 3856 in
1575 3810 1681 3882 quam
1705 3803 1852 3858 aetatem
1869 3783 1977 3884 primi
1998 3779 2237 3880 quaternionis
2262 3798 2377 3851 textus

269 3935 279 3947 .
365 3905 507 3978 incidat.
558 3903 677 3978 Primo
697 3903 814 3980 statim
831 3907 958 3978 ohtutu
978 3903 1126 4002 quisque
1145 3903 1272 3978 hurum
1293 3931 1413 3979 rernm
1432 3905 1581 4006 peritior
1597 3906 1777 3978 literarum
1796 3904 2066 3982 maiuscularnm
2084 3902 2210 3976 ductus
2227 3903 2377 4001 paginae

367 4024 400 4100 5.
427 4029 463 4100 6.
489 4029 522 4100 7.
549 4024 584 4099 9.
613 4026 670 4098 10.
698 4025 755 4096 11.
784 4025 840 4097 12.
869 4023 925 4097 13.
954 4027 1012 4118 14.
1040 4022 1097 4098 15.
1126 4026 1268 4099 16.17.
1298 4027 1359 4098 18.
1382 4025 1555 4126 agnoscit,
1580 4047 1617 4100 et·
1635 4027 1732 4102 videt
1751 4051 1867 4125 neque
1884 4025 1931 4098 ad
1945 4026 2054 4100 scrius
2072 4049 2178 4122 quam
2192 4021 2383 4096 decimum

364 4147 545 4222 saeculum
572 4171 688 4244 neque
718 4144 761 4218 ad
788 4146 888 4247 prius
919 4144 1062 4245 aliquod
1090 4172 1194 4247 posse
1222 4149 1351 4222 referri
1382 4147 1420 4246 ⁴²)
1471 4154 1570 4233 Item,
1587 4169 1705 4223 autem
1734 4173 1823 4244 quae
1852 4147 1990 4223 Sentice
2019 4145 2147 4246 scripta
2171 4144 2209 4218 in
2239 4144 2378 4244 paginis

368 4271 400 4374 1.
428 4271 464 4342 2.
489 4265 525 4343 5.
551 4270 710 4368 (fronte)
740 4268 775 4342 6.
803 4271 836 4342 7.
863 4269 985 4342 8.18.
1015 4309 1067 4327 -
1097 4269 1145 4340 ita
1177 4270 1273 4342 enim
1305 4252 1472 4344 Haciaelr'r'
1497 4271 1673 4368 catalogus
1707 4268 1805 4368 quod
1841 4269 1885 4340 ad
1915 4269 2072 4368 primum
2104 4265 2379 4364 qnatemionem

364 4389 505 4477 arma,
532 4410 567 4462 a
591 4387 771 4482 satorem
796 4391 861 4486 (a.
878 4393 919 4464 r.
942 4395 980 4462 r.
1004 4393 1075 4490 ιι.)
1104 4379 1316 4464 ammana
1339 4369 1591 4490 ..regmae
1625 4390 1667 4462 aa
1694 4390 1837 4464 inferta
1863 4415 1969 4489 quam
1993 4387 2172 4462 decimum
2194 4387 2379 4458 escarum

364 4511 485 4584 referri
504 4537 578 4584 non
601 4532 760 4612 possunt.
810 4515 933 4607 Quum
950 4533 1067 4585 autem
1087 4513 1321 4587 demonstrari
1339 4513 1472 4614 possit,
1504 4537 1603 4589 nono
1624 4511 1742 4617 ipsum
1760 4511 1891 4584 librum
1910 4511 2052 4590 saccrrlo
2078 4525 2256 4582 exaratum
2281 4532 2380 4588 esse,

362 4632 433 4738 iam
457 4632 539 4704 iude
565 4653 684 4733 patere
710 4632 885 4724 existima,
910 4635 1108 4736 praefixum
1127 4635 1402 4736 ¹quaternionem
1426 4631 1631 4740 antiquitate
1657 4653 1825 4708 anostra
1848 4631 2016 4739 superari.

410 4910 442 4983 a)
484 4904 540 4970 Cl.
556 4883 767 4977 Arniciaaimi
793 4903 894 4966 Orellit‘
917 4903 1052 4970 iudicem
1078 4903 1254 4970 lectionum
1272 4865 1496 4970 Turiceceiurit
1522 4925 1553 4968 a.
1581 4905 1659 4972 tete
1685 4901 1826 4975 editura,
1852 4899 1904 4964 cni
1930 4899 1976 4964 ll.
1999 4901 2086 4964 runt
2105 4895 2249 4960 Cirnensis
2278 4893 2316 4958 in
2339 4897 2378 4960 P.

481 4998 646 5064 Vatinium
673 4998 958 5082 interrogationem
980 4999 1160 5079 practnieit,
1186 5011 1218 5062 et
1244 4997 1393 5062 codicum
1414 4997 1635 5064 'lurieeueiora
1663 5011 1693 5062 er
1714 4993 1981 5060 Eiueiedleusiarn
2010 4989 2183 5076 specimina
2203 4989 2377 5060 adtexuit3

481 5089 574 5156 etiam
596 5091 797 5171 Grcfft‘llrr’tt
818 5111 883 5156 von
905 5092 1044 5158 orrrria.
1066 5089 1170 5178 prael.
1192 5113 1270 5174 pag.
1291 5091 1375 5158 XV.
1397 5113 1438 5156 ex
1458 5091 1590 5175 specim.
1611 5088 1841 5174 frisingensi.¹
1955 5167 1966 5174 ¹
