4764 6076
344 421 414 482 XX
881 407 886 420 ’
919 421 922 430 ’
1151 409 1514 481 PROLEGOMENA
1563 409 1570 420 ’

344 598 509 672 illumin
539 597 715 670 Britannia
737 595 908 694 scripturn
931 617 1014 665 esse.
1066 597 1160 666 llaec
1187 593 1300 667 versio
1325 591 1504 665 interdum
1532 589 1713 690 duplicem
1734 609 1847 664 textus
1873 593 2001 666 Graeci
2031 594 2361 695 interpretationem

344 721 503 806 exbibet,
521 718 562 819 *)
588 717 712 790 eadem
737 716 959 788 interdumn
988 719 1125 790 Gracco
1149 715 1333 816 discrepat.
1358 714 1419 814 aaa)
1470 713 1532 788 Ille
1556 733 1674 786 autem
1705 713 1849 787 audacia
1867 717 2010 789 minime
2029 717 2170 791 serenda
2192 740 2263 806 est,
2294 745 2360 818 qua

345 844 504 916 librarius
529 845 663 914 Graeca
692 839 870 914 interdum
895 838 938 910 ad
963 838 1085 910 Latina
1110 839 1280 925 correxit,
1315 837 1371 911 vel
1391 837 1511 938 potius
1537 837 1713 936 corrupit:
1746 837 1855 912 veluti
1874 837 1964 910 Phil.
1992 839 2033 926 1,
2061 839 2117 912 27.
2142 841 2205 910 ubi
2230 841 2360 938 legitur

345 967 443 1046 αξιως
461 987 506 1030 τω
527 965 717 1050 semeiae,
742 963 925 1036 manifesto
949 960 1180 1054 soloecism03
1207 962 1304 1059 quod
1329 985 1404 1034 non
1428 961 1495 1033 nisi
1519 963 1562 1032 ab
1586 957 1761 1060 imperitia
1779 957 1910 1033 librarii
1930 961 2107 1062 proficisci
2131 963 2269 1061 potuit,
2300 965 2359 1060 qui

345 1095 478 1164 Graeca
502 1089 671 1200 refingere
697 1086 810 1161 voluit
833 1084 877 1158 ad
904 1084 1034 1156 Latina.
1051 1100 1068 1134 ³³

1287 1264 1320 1361 r.
1361 1257 1418 1331 50.

445 1399 692 1521 Hoffmannus
719 1411 802 1504 *1011
837 1415 900 1486 ita:
935 1418 988 1486 Ex
1019 1413 1233 1487 bibliotheca
1262 1411 1362 1486 Petri
1388 1413 1540 1500 Franci,
1571 1416 1715 1488 Profess.
1749 1416 1942 1489 Amstelod.
1971 1441 2099 1515 magno
2123 1413 2241 1513 pretio
2272 1412 2357 1482 emit

338 1540 506 1612 codicem
532 1539 612 1611 satis
638 1537 822 1636 antiquum
845 1537 1051 1636 Magnificus
1076 1557 1180 1634 atque
1205 1541 1346 1608 Summe
1371 1535 1583 1610 Venerabilis
1601 1541 1642 1610 D.
1674 1536 1755 1613 Chr.
1781 1537 1882 1612 Frid.
1906 1538 2116 1622 Boernerus,
2148 1533 2356 1630 Theologus

344 1663 532 1761 Lipsiensis
556 1661 759 1762 primarius,
784 1661 838 1732 vir
862 1685 927 1760 per
955 1685 1098 1732 omnem
1120 1659 1296 1732 literatum
1317 1663 1438 1732 orbem
1464 1647 1729 1748 celeberrimus,
1761 1659 2034 1746 laudatissimus,
2060 1663 2230 1730 Patronus
2255 1680 2356 1726 meus

342 1803 567 1884 summopere
605 1783 785 1856 colendus.
841 1782 1030 1854 Pretiosam
1060 1781 1333 1868 bibliothecam,
1372 1783 1555 1855 rarissimis
1584 1787 1687 1856 rebus
1715 1783 1943 1870 instructanr,
1982 1781 2190 1882 optimoque
2227 1778 2355 1850 ordine

327 1907 550 2005 ,dispositam
572 1904 732 2005 possidet
756 1905 810 1976 vir
832 1931 1007 1993 summus,
1043 1931 1189 2003 eamque
1208 1906 1332 1978 codice
1358 1907 1521 2005 antique,
1556 1932 1662 2004 quem
1683 1931 1779 1977 nunc
1802 1905 2013 1990 describam,
2044 1901 2178 2001 egregie
2203 1901 2355 1973 ornavit.

342 2027 463 2100 Codex
484 2048 536 2099 est
557 2031 860 2112 membranaceus,
886 2030 998 2101 forma
1018 2048 1139 2125 quarta
1160 2027 1299 2116 maiori,
1326 2028 1510 2101 continens
1529 2027 1699 2102 tredecim
1720 2029 1883 2129 epistolas
1901 2031 1934 2100 S.
1953 2026 2066 2112 Pauli,
2092 2025 2240 2125 epistola
2257 2023 2354 2094 eninr

343 2149 384 2220 ad
403 2155 589 2236 ¹Hebraeos
620 2150 700 2223 data
723 2152 760 2221 in
793 2175 836 2222 eo
863 2150 1089 2234 desideratur.
1131 2152 1287 2251 Scriptus
1314 2172 1365 2224 est
1394 2151 1503 2225 literis
1530 2151 1750 2239 maiusculis,
1776 2152 1837 2224 sed
1861 2151 2020 2252 paullum
2042 2146 2222 2221 rotundis:
2257 2166 2355 2216 caret

342 2270 543 2342 accentibus
561 2292 597 2343 et
612 2269 807 2371 spiritibus,
834 2299 940 2346 voces
956 2294 1072 2345 autem
1087 2275 1275 2374 pleraeque
1293 2255 1477 2348 intervallo
1494 2275 1614 2371 aliquo
1630 2279 1805 2373 separatae
1821 2294 1915 2356 sunt,
1937 2276 2066 2370 absque
2083 2268 2355 2342 distinctionum

340 2393 452 2482 notis,
479 2393 546 2464 nisi
572 2393 670 2490 quod
696 2393 889 2468 hincinde
913 2417 998 2478 μεση
1019 2419 1117 2481 styma
1144 2401 1364 2484 observetur,
1395 2423 1484 2494 quae
1509 2417 1627 2468 tamen
1651 2396 1817 2497 nuspiam·
1834 2397 1941 2468 κωλα.
1966 2391 2027 2464 sed
2053 2415 2159 2466 voces
2186 2409 2221 2462 et
2246 2391 2354 2460 verba

341 2514 532 2610 distinguit.
584 2515 687 2625 Unde
717 2541 827 2590 annos
861 2520 1080 2616 octingentos
1114 2519 1253 2592 circiter
1285 2545 1368 2619 prae
1401 2546 1437 2591 se
1471 2520 1560 2591 serre
1593 2518 1741 2590 videtur.
1795 2516 1966 2614 Congruit
1997 2516 2068 2587 sere
2101 2513 2232 2609 ubique
2269 2537 2354 2582 cum

340 2635 614 2722 Claromontano
643 2657 677 2709 et
700 2642 1002 2734 sangermanensi,
1038 2642 1212 2739 habetque
1240 2643 1436 2716 versionem
1463 2641 1621 2713 Latinam
1648 2641 1925 2726 interlinearem,
1960 2663 2049 2736 quae
2077 2636 2187 2710 textui
2210 2638 2353 2704 Graeco

342 2758 555 2830 exactissime
575 2759 800 2860 respondet,
834 2762 882 2833 ita
912 2762 1074 2860 quidem,
1098 2786 1149 2878 ¹ut
1177 2765 1320 2862 singulis
1346 2765 1458 2837 verbis
1483 2763 1626 2839 Graecis
1659 2789 1764 2836 voees
1790 2763 1930 2835 Latinae
1957 2758 2203 2834 convenientes
2229 2781 2355 2854 super-

340 2899 487 2978 scrrptae
513 2883 591 2952 sint.
2075 2883 2080 2890 '

1276 3051 1309 3148 §-
1349 3047 1405 3122 51.

415 3177 642 3284 'Matthaeus
675 3179 828 3278 denique
861 3183 909 3254 ita
940 3185 1118 3281 loquitur:
1154 3231 1170 3266 a
1184 3187 1386 3283 Longitudo
1419 3209 1455 3258 et
1489 3187 1639 3260 latitudo
1675 3187 1843 3260 foliorum
1880 3204 2049 3282 quatenus
2084 3181 2211 3278 scripta
2244 3200 2353 3253 sunt,

341 3300 566 3394 cognoscitur
583 3325 624 3371 ex
641 3298 780 3378 duobus
793 3305 1056 3402 speciminibus,
1078 3333 1166 3404 quae
1183 3333 1260 3380 aere
1274 3334 1438 3409 expressa
1455 3329 1547 3408 sunt.
1564 3312 1607 3408 †)
1651 3311 1796 3382 Materia
1813 3306 1946 3382 codicis
1961 3309 2180 3380 membranae
2196 3322 2282 3376 sunt
2303 3305 2352 3400 (l)

340 3445 413 3491 non
438 3420 517 3492 illae
535 3421 800 3496 candidissimae
817 3453 857 3498 ae
874 3428 1114 3515 tenuissimae,
1140 3457 1226 3528 quas
1251 3431 1288 3502 in
1308 3433 1426 3504 multis
1446 3431 1627 3516 codicibus
1645 3432 1788 3504 Graecis
1807 3431 1995 3504 admiratus
2011 3454 2104 3507 sum,
2129 3424 2190 3498 sed
2213 3449 2351 3494 crassae

338 3563 373 3612 et
397 3539 601 3616 lutulentae.
651 3542 774 3618 Nullus
803 3549 863 3620 hic
888 3572 1031 3624 ornatus
1056 3554 1210 3624 Graecus
1236 3577 1389 3654 apparet.
1441 3555 1587 3628 Colores
1611 3556 1734 3640 etiam,
1770 3553 1896 3652 quibus
1929 3552 2048 3625 literae
2082 3547 2231 3622 maiores
2267 3567 2352 3617 sunt

336 3663 577 3749 adumbratae,
615 3667 744 3739 similes
769 3691 850 3740 sunt
880 3673 943 3770 eis,
979 3674 1040 3768 qui
1068 3673 1455 3772 aNorirr'rbergensibus
1483 3678 1521 3748 in
1551 3677 1691 3750 cistellis
1722 3677 1765 3749 ad
1796 3703 1899 3749 usum
1925 3699 2118 3776 puerorum
2146 3669 2278 3752 tribus,
2318 3667 2353 3738 ni

336 3783 452 3868 fallor,
480 3805 672 3880 quatuorve
699 3791 825 3886 grossis
851 3793 1062 3866 venduntur.
1087 3836 1139 3854 -
1161 3839 1212 3854 -
1236 3799 1306 3897 1-1)
1341 3799 1440 3870 Folia
1465 3799 1551 3870 alius
1577 3819 1656 3872 ante
1682 3825 1738 3872 me
1763 3818 2021 3884 numeraverat,
2046 3817 2289 3887 numerosque
2318 3791 2353 3860 in

336 3905 514 4004 principio
532 3908 698 3982 foliorum
715 3911 758 3982 ad
777 3912 934 3986 dextram
959 3937 1095 4015 partem
1117 3941 1308 3993 notaverat.
1361 3925 1434 3993 Hos
1454 3945 1620 3994 numeros
1645 3922 1751 4020 igitur
1772 3921 1910 3994 retinui.
1961 3919 2027 3992 Sed
2046 3917 2133 3990 solio
2151 3914 2274 4013 primo
2303 3955 2353 3972 -

336 4026 539 4122 legitur-
562 4077 627 4111 -,
653 4032 751 4132 †††)
777 4037 915 4124 nescio,
942 4059 1060 4110 utrum
1085 4044 1126 4112 ab
1149 4043 1306 4115 eiusdem
1333 4043 1483 4130 scribae,
1518 4045 1580 4142 qui
1605 4043 1769 4144 epistolas
1789 4045 1944 4144 scripsit,
1976 4069 2020 4116 an
2046 4047 2088 4114 ab
2113 4038 2199 4110 alius
2226 4063 2350 4118 manu·

336 4147 472 4221 Literae
493 4151 636 4225 Latinae
651 4156 801 4229 maiores
820 4180 914 4233 certe
933 4181 1014 4233 sunt
1032 4189 1137 4260 quam
1156 4165 1193 4235 in
1211 4166 1290 4265 ipso
1308 4166 1409 4240 libro.
1461 4167 1537 4239 Alia
1555 4168 1659 4240 etiam
1677 4191 1793 4266 penna
1811 4191 1895 4238 usus
1909 4185 1978 4252 est,
2005 4161 2156 4236 multum
2172 4158 2350 4230 crassiori.

333 4351 704 4370 nunna—*n*

343 4447 347 4454 ’
401 4475 432 4547 a)
454 4475 611 4554 Exerapla
633 4477 749 4540 addere
770 4481 1068 4548 necessariumnon
1090 4488 1178 4555 drrxi.

386 4585 433 4656 11)
455 4583 562 4646 Etiam
582 4584 675 4647 huius
696 4584 744 4648 rei
764 4589 908 4670 exernpla
930 4592 1003 4659 vide
1024 4578 1099 4658 lac.

364 4693 429 4766 )
453 4689 506 4753 cf.
526 4691 903 4762 Prt'ta'a'introductionern
924 4700 960 4770 in
978 4705 1021 4766 N.
1044 4707 1086 4769 Τ.
1109 4708 1346 4788 1111111111111111.
1373 4709 1465 4791 Lips.
1488 4711 1672 4794 17374118·
1694 4712 1766 4776 383·

375 4801 413 4874 †)
455 4799 614 4882 Equidem
636 4803 738 4867 nostri
759 4819 790 4870 et
810 4809 1021 4876 Boerneriani
1042 4815 1235 4880 altitudinem
1258 4829 1288 4882 11
1310 4817 1505 4883 latitudinem
1526 4819 1671 4900 pluribus
1694 4817 1781 4884 loliis
1802 4817 1923 4880 contuli
1945 4815 2158 4897 (1111111167.
2180 4813 2252 4878 268.
2278 4815 2349 4878 269.

448 4894 520 4956 tto.
542 4915 613 4958 cum
634 4896 756 4962 Boern.
779 4900 836 4966 fol.
857 4905 981 4984 86.)'et
1002 4925 1148 4975 accurate
1170 4911 1343 4976 convenire
1364 4913 1481 4994 reperi.

347 5005 412 5098 ll)
454 5003 575 5067 Tamen
595 5007 773 5072 tenaciores
793 5025 864 5074 sunt
885 5017 1024 5082 colores.
1067 5021 1194 5085 Omissa
1216 5019 1417 5087 involucrum
1438 5036 1597 5104 spectant.
1641 5023 1738 5100 Quod
1758 5020 1789 5084 in
1811 5034 1923 5086 nostro
1943 5041 2055 5086 reeens
2075 5033 2135 5084 est.

332 5112 423 5186 †††)
451 5109 572 5176 Omiti:
594 5120 792 5228 interpretatio
811 5127 945 5201 1111111111·
964 5127 1115 5192 Matthaei.
1156 5133 1225 5197 Pro
1247 5152 1313 5214 quo
1334 5151 1455 5214 ponere
1477 5133 1671 5214 potuissem:
1694 5151 1807 5194 ennaea
1825 5133 1935 5195 11111111·
1955 5134 2012 5197 111.
