4764 6076
252 430 315 494 DE
338 428 476 492 NOTIS
498 428 819 494 MANUSCRIPTI
840 405 1192 495 sANoALLttusts
1213 427 1582 534 MARGlNALlBUS.
1624 427 1729 494 CAP.
1751 430 1815 496 vt.
1874 429 2035 499 xxxttt

223 603 295 676 Nisi
319 603 459 688 liceret,
485 595 604 674 illum
602 593 714 676 usum
739 603 987 678 scholasticum
1010 625 1179 693 statuere,
1218 605 1322 707 plane
1347 630 1422 679 non
1446 605 1694 704 intelligerem,
1721 605 1808 726 quid
1826 608 1871 679 ds
1889 633 1929 681 ea
1945 630 2030 683 nota

124 715 345 796 faciendum¹
343 745 452 808 ·,esset
476 725 530 797 de
557 751 626 823 qua
650 725 766 798 statim
791 751 905 823 agam,
942 724 986 796 de
1013 744 1099 799 nota

22 847 93 924 Γ
58 863 94 925 Α
120 870 209 943 quae
241 846 350 918 semel
384 865 521 918 tantum
551 843 589 914 in
622 864 700 918 toto
728 855 852 917 nos'tro
884 845 1009 917 libro
1008 870 1086 944 pag.
1123 845 1194 918 196
1227 846 1410 946 reperitur.
1458 853 1579 946 Neque
1606 848 1709 923 etiam
1733 849 1772 922 in
1795 849 2029 923 Boemeriano

118 963 304 1062 vestigium
329 985 450 1038 exstat.
481 971 575 1060 ,Iam
600 986 717 1040 autem
742 993 854 1066 quum
878 964 967 1037 mibi
991 989 1195 1064 persuasum
1212 965 1273 1047 sit,
1299 967 1480 1064 magistros
1497 967 1592 1067 ipsos
1609 970 1646 1041 in
1663 995 1745 1044 suos
1761 994 1844 1042 usus
1862 970 2030 1067 pleraque

126 1085 354 1186 adspersisse,
393 1088 498 1160 etiam
523 1087 560 1157 in
573 1069 827 1162 'hunclocuin
851 1086 888 1156 id
915 1078 1051 1156 cadere
1065 1083 1341 1158 existimaverim.
1393 1087 1547 1184 Magistri
1572 1113 1698 1188 parum
1724 1087 1822 1161 docti
1845 1088 1883 1156 in
1907 1087 2031 1186 primis

119 1203 158 1273 in
183 1229 228 1277 eo
253 1201 453 1293 versantur,
479 1205 576 1303 quod
603 1227 797 1306 synonyma
822 1207 979 1278 afferunt.
1011 1200 1164 1300 'Itaque
1179 1229 1289 1300 quum
1314 1206 1412 1303 quod
1437 1207 1524 1280 loco.
1539 1209 1646 1281 citato
1669 1221 1780 1284 κοιλια
1807 1228 1876 1294 est,
1902 1204 1940 1278 in
1956 1207 2030 1279 aliis

120 1329 160 1396 N.
186 1329 228 1398 T.
254 1326 343 1400 locis
366 1357 494 1425 γαστηρ
520 1328 575 1410 ιιι,
617 1326 710 1398 hanc
734 1351 859 1401 vocem
884 1325 944 1396 hic
969 1319 988 1396 ιι
1012 1321 1176 1420 magistro
1202 1322 1310 1395 literis
1334 1324 1523 1398 initialibus
1548 1328 1774 1425 significatam
1799 1353 1872 1399 esse
1897 1325 2031 1399 iudica·

121 1447 251 1530 verim,
276 1468 317 1520 ut
341 1449 379 1518 in
388 1443 556 1521 lectione
581 1447 698 1519 statim
721 1445 832 1546 ipsius
856 1441 893 1516 in
919 1462 1075 1516 mentem
1099 1440 1239 1514 rediret.
1289 1442 1326 1514 Si
1350 1444 1436 1542 quid
1446 1445 1585 1520 novisti
1602 1447 1731 1520 rectius
1746 1445 1834 1531 istis,
1861 1446 2030 1518 candidus

57 1561 61 1568 ’
122 1565 283 1665 imperti3
309 1565 339 1638 si
362 1593 453 1655 ιοι,
463 1563 534 1640 his
558 1588 657 1640 utere
683 1591 834 1638 mecum.

891 1703 993 1803 ς.
1033 1683 1092 1771 ιι.

15 1848 144 1932 aptm.
197 1836 318 1908 Omnis
344 1839 660 1913 abbreviaturarum
684 1865 767 1912 usus
793 1747 918 1923 docet,
947 1835 1149 1933 apostolum
1173 1835 1246 1908 boc
1272 1836 1487 1936 compendio
1513 1837 1706 1935 significari.
1758 1845 1890 1912 Harum
1915 1868 2033 1916 rerum

121 1957 238 2028 miuus
262 1959 368 2056 periti
396 1952 471 2036 W
465 1959 594 2044 nllhtri
614 1960 754 2032 lexicon
779 1957 1048 2059 diplomaticum
1073 1955 1216 2043 adeant,
1243 1977 1279 2027 et
1302 1956 1398 2029 idem
1423 1983 1442 2029 e
1469 1956 1634 2030 columna
1649 1963 1753 2042 XIX,
1775 1960 1935 2058 pluribus
1952 1963 2034 2062 plu-
2162 1976 2164 1983 ’

120 2077 212 2147 rium
238 2077 459 2150 saeculorum
484 2077 651 2180 exemplis
677 2079 821 2162 discant.
874 2083 918 2150 dt
942 2103 1028 2150 vero
1051 2077 1199 2159 haereo,
1225 2104 1295 2174 qua
1320 2077 1453 2150 ratione
1480 2079 1692 2151 voc'abulum
1717 2074 1800 2151 cum
1825 2101 1922 2154 textu
1947 2110 2031 2156 con-

119 2199 279 2279 tineatur.
348 2200 508 2272 Coniicio
545 2201 615 2294 Iege'
648 2200 705 2273 vel
739 2183 851 2271 simile
888 2201 1034 2271 verbum
1070 2197 1281 2294 cogitatione
1317 2197 1520 2298 addendum
1556 2223 1628 2270 esse
1655 2199 1712 2298 ³³³),
1756 2219 1791 2272 et
1825 2202 1951 2301 respici
1986 2206 2030 2275 ad

121 2321 259 2420 lPetr²
285 2324 325 2405 V,
353 2321 386 2392 8.
438 2333 687 2422 Γρηγορησαιε.
739 2329 959 2418 osmannae
984 2351 1075 2415 υμων
1095 2331 1254 2412 daedalea
1273 2354 1316 2406 ως
1334 2333 1416 2394 leun
1436 2351 1622 2416 ωρυομιιος
1640 2355 1810 2416 aspernarer
1831 2335 1935 2415 ζηιωι
1953 2358 2030 2403 τινα

117 2463 305 2518 seruatam,
343 2439 399 2511 vel
425 2437 575 2510 similem
599 2437 817 2537 aliquemN.
844 2442 884 2511 T.
912 2437 1140 2537 epistolarum
1164 2436 1296 2508 locum.
1358 2434 1552 2534 Apostolus
1577 2435 1672 2507 enim
1696 2439 1842 2537 antiquo
1867 2467 1935 2512 usu
1959 2445 2028 2540 syl-

117 2558 198 2652 loge
215 2557 443 2658 epistolarum
459 2557 732 2657 apostolicarum
748 2558 1001 2630 nominabatur.
1040 2556 1176 2650 Quod
1165 2583 1204 2626 ιι
1219 2557 1341 2654 vulgus
1358 2577 1485 2629 notum
1499 2555 1568 2648 111).
1606 2563 1659 2629 Ita
1676 2561 1779 2633 etiam
1796 2589 1873 2714 pag.
1894 2563 2026 2636 119.1.

121 2678 253 2749 unde'
237 2705 275 2748 m
303 2677 465 2776 apostolo
491 2673 690 2774 colaphizat
715 2675 973 2784 explicandum.

956 2815 990 2914 ι
1027 2811 1088 2884 n
1418 2903 1421 2912 ,

4 2929 130 3014 ΚᾹΊἻ.
167 2935 258 3016 ,Hoc
283 2923 536 3030 compendium
561 2931 885 3004 bis·tantumm0d0
910 2931 949 3001 in
973 2932 1064 3004 libro
1090 2930 1213 3003 nostro
1239 2929 1366 3028 reperi.
1417 2930 1573 3003 Primum
1590 2933 1684 3004 euim
1700 2960 1777 3033 pag.
1799 2936 1878 3011 196.
1898 2938 2025 3011 deinde

115 3079 193 3151 pag.
222 3052 294 3143 274
319 3070 439 3125 exstat.
491 3055 579 3122 Tam
605 3050 649 3121 de
675 3052 837 3137 nomine,
865 3051 962 3148 quod
988 3050 1060 3122 hoc
1085 3049 1300 3150 compendio
1326 3049 1552 3146 significatur,
1588 3078 1694 3149 quam
1720 3055 1765 3126 de
1792 3057 2025 3155 explicatione

113 3173 249 3245 dubito.
301 3173 423 3244 Statim
450 3172 543 3255 enim
568 3171 783 3244 intuentibus
808 3171 909 3245 nobis
934 3172 972 3241 in
996 3186 1151 3242 mentem
1171 3169 1281 3256 venit,
1308 3169 1406 3266 quod
1428 3170 1663 3269 praecedente
1680 3174 1806 3272 pagina
1821 3175 1891 3248 195
1912 3177 2026 3275 plenis

116 3292 227 3364 literis
253 3292 423 3391 scriptum
449 3311 514 3378 est,
540 3320 733 3385 καταχησις,
766 3295 870 3364 etiarn
894 3292 954 3363 hic
980 3291 1164 3388 significari
1191 3290 1300 3360 tribus
1325 3289 1524 3363 initialibus.
1576 3297 1622 3364 At
1646 3319 1729 3367 vero
1755 3322 1829 3369 non
1854 3296 2024 3396 intelligo,

123 3411 209 3508 quid
235 3410 303 3482 hac
328 3403 500 3483 voce'blc
525 3412 591 3482 sibi
615 3413 912 3494 volueritscriba.
963 3412 1083 3484 Primo
1108 3412 1208 3497 loco,
1242 3437 1319 3510 pag.
1349 3409 1435 3497 195,
1461 3410 1560 3483 facile
1588 3440 1651 3484 cur
1676 3414 1853 3486 adiectum
1878 3418 1922 3488 sit
1947 3442 2026 3489 sen-

114 3533 210 3604 titur.
261 3537 391 3604 Textus
417 3536 522 3632 verba
547 3559 665 3603 ansam
689 3535 936 3631 praebuerunt.
988 3529 1126 3624 Quodsi
1151 3555 1228 3629 pag.
1259 3530 1330 3602 196
1355 3549 1390 3600 et
1416 3529 1487 3622 274
1513 3531 1698 3630 repetitur,
1736 3534 1869 3606 nullam
1896 3537 2025 3609 adiecti

113 3653 211 3724 verbi
236 3679 376 3724 causam
402 3652 583 3752 expiscor,
609 3651 677 3722 nisi
701 3649 811 3738 hanc,
837 3651 958 3723 locum
982 3647 1089 3720 istum
1114 3650 1157 3721 ad
1185 3676 1292 3747 quem
1316 3675 1386 3723 ιοιι
1410 3650 1527 3724 addita
1553 3673 1604 3724 est
1629 3656 1821 3727 accuratius
1849 3659 2025 3730 catechesi

103 3854 135 3926 1)
179 3852 249 3914 Noc
275 3851 413 3913 fortasse
437 3853 503 3914 hoc
529 3849 670 3934 quidem.
711 3848 814 3912 Plane
840 3850 922 3913 euim
948 3867 1012 3912 oon
1040 3859 1156 3912 contra
1179 3849 1332 3930 pugnabo
1359 3845 1386 3908 si
1412 3846 1639 3910 nominativum
1668 3853 1824 3928 apostolum
1850 3851 2023 3922 existimes.

133 3941 361 4026 .Saepissinre
392 3944 474 4006 euim
503 3943 556 4006 illa
582 3954 684 4005 aetate
706 3963 822 4024 genera
843 3952 1091 4016 cataractarum,
1121 3939 1265 4020 inprimis
1286 3960 1493 4020 personarum
1514 3939 1696 4004 nominibus
1716 3947 1756 4004 ad
1777 3964 1827 4007 res
1850 3945 2023 4009 translatis.

174 4038 339 4117 Nusquam
365 4039 516 4114 hymnum
538 4056 600 4116 pro
616 4038 750 4114 hymnus
777 4039 860 4116 apud
886 4035 1048 4116 antiquos.
1090 4037 1210 4096 Tamen
1232 4028 1264 4092 in
1286 4029 1399 4092 codice
1421 4032 1597 4093 's-huaaeo
1609 4028 1821 4096 Colbertiuo.
1845 4035 2023 4128 YMNYM

174 4127 473 4192 ANGELICUM.
516 4127 727 4191 ViaMabttt.
749 4131 842 4191 dere
863 4125 1030 4208 diplomat.
1052 4126 1112 4189 sol.
1135 4127 1207 4188 367.
1697 4163 1699 4168 ·

71 4225 127 4300 *1)
170 4219 227 4284 (31.
247 4221 297 4281 Du
316 4221 419 4282 Fratue
439 4222 584 4283 Glossar.
609 4221 729 4284 mediae
750 4235 782 4285 et
801 4220 927 4284 infimae
948 4219 1154 4293 Graecitatis,
1181 4218 1240 4279 sub
1263 4235 1337 4278 voe.
1360 4209 1560 4294 ἀπόπολις,
1593 4191 1707 4278 sucas
1726 4218 1885 4278 Thesaur.
1907 4217 2022 4281 eccles.

173 4315 232 4376 sub
253 4317 364 4379 eodent
385 4314 567 4386 vocabulo,
598 4315 638 4374 du
664 4314 767 4386 Fratue
787 4314 898 4377 Gloss.
927 4316 1009 4377 med.
1035 4323 1069 4378 et
1094 4311 1195 4377 iullrn.
1217 4309 1306 4374 latin.
1326 4311 1385 4372 sub
1407 4329 1488 4373 roae
1509 4311 1649 4388 apostolus
1670 4323 1701 4372 et
1720 4309 1842 4372 auten
1861 4311 1922 4373 sub
1943 4331 2021 4374 roc.
2035 4335 2044 4352 .

172 4402 457 4492 πραξαπὸστολος.
498 4409 632 4468 Sasiam
651 4403 884 4472 ἀπόστολονιι
898 4401 1323 4493 πραξαιιόσιολονιιιιιιιιιι
1338 4401 1454 4464 librum
1470 4405 1636 4465 ostendere
1652 4401 1710 4465 ait.
1751 4383 1864 4464 Recte.
1906 4401 2022 4468 Nullus

173 4499 255 4562 eninr
277 4497 353 4561 mibi
374 4499 496 4562 locus
486 4499 641 4575 innotuit,
670 4521 734 4584 quo
757 4505 943 4574 doceretur,
975 4496 1165 4561 ἀπόστολοι
1184 4497 1269 4561 solas
1290 4494 1384 4559 Pauli
1406 4493 1557 4576 epistolas
1576 4491 1758 4574 complecti.
1801 4494 1890 4573 Quae
1910 4497 2022 4580 opinio

171 4592 245 4656 inde
266 4613 386 4656 emersa
407 4606 471 4670 est,
501 4593 576 4675 quia
604 4594 724 4656 Paulus
746 4615 809 4656 oon
830 4589 963 4657 serrrel‘
948 4613 974 4656 o
987 4588 1175 4664 ἀπόστολος
1195 4589 1401 4672 singulariter
1421 4587 1656 4650 nominabatur.
1696 4585 1801 4651 Liber
1823 4589 2021 4654 Sacrameot.

172 4685 386 4764 orannim:
421 4687 565 4764 „deiude
592 4684 737 4770 sequitur
763 4687 974 4768 apostolus.“
1014 4685 1164 4746 Ηὶιιιιιιαι.
1191 4683 1269 4744 Item.
1298 4683 1394 4746 lora.
1416 4681 1448 4743 2.
1476 4700 1590 4761 opusc.
1613 4682 1644 4742 7.
1665 4698 1743 4760 pag.
1768 4677 1839 4742 119.
1881 4683 2021 4764 „Usque
2108 4691 2119 4717 ¹

172 4781 214 4844 ad
238 4778 438 4860 evangelium
466 4782 498 4844 ιι
527 4781 621 4845 mim
648 4792 733 4844 stare
762 4781 867 4844 solent
894 4793 925 4845 et
953 4783 1119 4844 recedunt.
1168 4773 1281 4838 Statim
1300 4787 1376 4880 post
1396 4775 1575 4853 apostolum
1596 4805 1634 4824 -
1655 4802 1694 4822 ·-
1715 4805 1753 4822 -
1772 4773 1852 4836 haec
1871 4774 1982 4857 legite.
1998 4775 2020 4808 “

170 4869 349 4934 Malillon.
339 4883 402 4933 rtet·
422 4873 527 4937 Italic.
549 4873 631 4937 Vol.
654 4873 698 4937 ll.
721 4875 811 4936 Mus.
833 4894 908 4954 pag.
935 4871 1067 4953 septima
1094 4868 1217 4936 ordinis
1245 4862 1453 4949 antiquissimi
1474 4863 1631 4930 Rotnani:
1667 4863 1832 4939 „Rediens
1853 4869 1893 4928 ad
1911 4867 2021 4948 ponti-
2098 4941 2101 4948 .

171 4966 263 5028 licem
284 4961 515 5041 subdiaconus,
534 4965 677 5050 porrigit
697 4965 726 5030 ei
747 4967 942 5048 mappulam,
961 4964 1116 5028 inclinans
1136 4985 1170 5026 se
1190 4965 1230 5024 ad
1247 4981 1352 5088 genua
1371 4958 1472 5035 illius,
1493 4972 1525 5024 et
1544 4957 1773 5035 dicens,--
1794 4957 1866 5022 talis
1887 4955 2020 5024 subdia·

170 5079 270 5124 conus
289 5088 328 5107 ·-
349 5093 386 5110 ·-
406 5045 494 5140 leget
513 5062 709 5142 apostolum,
736 5072 773 5124 et·
787 5059 858 5124 talis
878 5061 926 5124 de
938 5057 1050 5124 schola
1071 5053 1258 5122 cantabit.“
1279 5073 1333 5117 aa.
1350 5051 1388 5116 ll.

129 5176 219 5238 ιιιις.
241 5175 420 5238 anamma
1484 5155 1505 5219 ⁵
