4802 6062
515 358 680 474 conex
700 405 914 474 ranarum
934 387 1203 474 scatsaam'n
1225 406 1356 473 orus
1398 371 1508 473 car.
1522 409 1584 474 ιιι.
1944 417 2054 510 Ιιιιιιι
2089 422 2108 438 ¹·

42 591 219 664 Matthaeo
246 590 368 665 tertius
393 605 582 662 accesserat
609 587 666 660 vel
693 585 832 673 viridis,
873 586 930 660 vel
958 587 1147 676 violaceus,
1181 585 1243 683 qui
1270 587 1448 687 posterior
1471 607 1508 659 et
1535 585 1573 658 in
1601 591 1698 660 Luca
1723 609 1758 660 et
1785 595 1915 665 Ioanne
1950 593 2051 667 redit.

42 719 113 788 Nec
138 712 200 809 qui
224 711 369 788 nomine
400 710 505 784 etiam
531 709 700 810 adspectu
725 709 834 784 iidem
859 729 941 780 sunt
966 710 1114 783 colores.
1167 715 1209 780 In
1232 717 1353 784 Marco
1384 709 1477 782 enim
1495 713 1600 782 ruber
1623 710 1725 784 color
1753 710 1797 782 ad
1821 713 1959 786 fuscum
1983 718 2054 787 fare

41 835 185 908 accedit.
237 843 419 911 Postremo
453 832 566 906 sorma
591 833 696 906 etiam
728 858 817 932 quae
843 830 973 904 dicitur
998 830 1181 929 quadrata,
1215 857 1290 906 non
1313 831 1470 930 ,quidem
1503 833 1641 906 chartae
1676 854 1712 928 at
1743 829 1828 907 'vero
1854 833 2053 933 scriptionis
2081 851 2085 858 '

39 977 204 1030 mutatur.
255 963 323 1031 lsta
356 955 451 1028 enim
483 956 595 1030 forma
628 955 796 1055 quadrata
825 945 903 1054 per,
923 955 1066 1054 aequale
1099 955 1238 1054 chartae
1272 954 1425 1056 spatium
1452 954 1490 1026 in
1514 953 1747 1028 altitudinem·
1760 955 1979 1046 extenditur,
2017 957 2053 1027 in

37 1079 221 1154 latitudine
249 1107 333 1154 vero
360 1108 379 1152 a
404 1105 567 1151 mensura
590 1057 758 1151 Matthaei
783 1098 862 1150 toto
889 1077 1038 1152 dimidio
1065 1077 1176 1176 digito
1202 1081 1307 1150 abest.
1449 1073 1450 1078 ’

979 1244 1015 1333 s.
1052 1241 1110 1315 so.

137 1381 336 1454 Literarum
364 1377 578 1477 singularum
605 1379 734 1452 formas
763 1378 801 1450 in
824 1379 1028 1453 universum
1056 1378 1271 1478 reliquarum
1296 1399 1410 1452 textus
1439 1379 1594 1479 partium
1618 1378 1740 1452 formis
1765 1377 1955 1452 simillimas
1981 1405 2053 1450 esse

37 1503 242 1604 reperimus.
295 1507 382 1575 Sunt
402 1501 497 1574 enin
515 1500 674 1574 eiusdem
691 1501 833 1575 scholae
854 1501 928 1576 filii.
979 1505 1114 1574 Tamen
1135 1521 1252 1576 autem
1269 1523 1304 1575 et
1326 1503 1452 1574 harum
1473 1501 1569 1573 haud
1590 1502 1712 1600 exigua
1729 1500 1917 1573 diversitas.
1969 1505 2055 1570 Nam

36 1628 77 1699 in
93 1625 272 1700 Matthaeo
292 1621 470 1726 pleniores
485 1645 521 1698 et
537 1625 738 1708 crassiores,
764 1625 802 1697 in
817 1631 938 1697 Marco
956 1651 1067 1725 usque
1084 1625 1128 1698 ad
1144 1651 1222 1726 pag.
1245 1628 1326 1718 174.
1344 1623 1559 1724 graciliorem
1585 1625 1623 1696 in
1639 1624 1817 1700 Matthaeo
1834 1622 1878 1695 ad
1897 1623 2055 1694 dextram
2175 1623 2181 1630 ’

30 1751 72 1823 in
107 1739 229 1823 Misco
260 1747 303 1820 ad
334 1747 509 1819 sinistram
535 1748 795 1848 propensiores.
844 1747 912 1820 Sed
941 1776 960 1820 a
985 1773 1063 1847 pag.
1097 1750 1178 1840 174.
1212 1749 1315 1820 etiam
1342 1749 1381 1820 in
1409 1756 1530 1822 Marco
1560 1749 1603 1821 ad
1630 1748 1789 1821 dextram
1816 1745 2053 1846 propendent.

35 1877 150 1944 Porro
171 1870 325 1968 singulae
343 1869 463 1942 literae
487 1870 653 1970 singulari
669 1870 792 1944 habitu
816 1871 910 1972 apud
932 1879 1092 1944 Marcum
1113 1871 1358 1970 insigniuntur.
1409 1871 1527 1971 Alpha
1550 1870 1681 1944 initiale
1705 1874 1748 1943 ab
1770 1888 1917 1967 unaque
1941 1869 2053 1942 forma

36 1995 189 2081 recedit,
216 2021 323 2092 quam
341 1991 379 2064 in
394 1994 573 2067 Matthaeo
593 1993 861 2067 observavimus.
913 1993 1029 2094 Alpha
1043 1994 1160 2066 minus
1176 1993 1336 2095 pleniore
1354 1994 1392 2065 in
1410 2001 1531 2067 Marco
1552 2013 1673 2068 ventre
1693 1991 1838 2091 gaudet,
1866 1993 2052 2064 rotundius

34 2139 98 2192 est.
136 2117 285 2206 'Literae
306 2113 479 2212 quaedam
494 2116 532 2189 in
551 2123 672 2189 Marco
688 2115 865 2214 longiores
881 2137 963 2188 sunt
983 2143 1091 2215 quarn
1110 2116 1260 2190 latiores.
1312 2120 1488 2188 Ascensus
1506 2135 1542 2188 et
1562 2115 1721 2215 spiritus,
1748 2139 1901 2212 quorum
1917 2115 1954 2186 in
1972 2137 2051 2188 toto

32 2240 215 2315 Matthaeo
232 2236 378 2310 unicum
393 2237 594 2337 vestigium,
620 2239 657 2309 in
673 2239 783 2314 Marci
799 2239 901 2312 initio
918 2239 1055 2339 saepius
1072 2239 1348 2339 conspiciuntur.
1388 2241 1522 2312 Tamen
1538 2259 1574 2311 et
1589 2239 1627 2310 in
1643 2245 1764 2312 Marco
1781 2261 1865 2311 mox
1882 2261 2051 2336 apparere

33 2361 213 2434 desinunt.
263 2366 306 2431 In
324 2357 609 2434 adnotationibus
629 2360 673 2432 ad
690 2360 840 2459 singulas
858 2361 966 2434 lineas
983 2363 1086 2462 plura
1102 2361 1256 2460 reperies
1273 2361 1472 2460 significata.
1509 2363 1579 2440 Cs.
1596 2387 1673 2461 pag.
1695 2361 1776 2446 152.
1795 2359 1862 2434 col.
1885 2362 1916 2452 1⁸.
1934 2359 1995 2431 lin.
2014 2361 2048 2431 6.

31 2511 115 2584 pag.
146 2485 229 2555 155.
255 2482 317 2555 lin.
345 2483 379 2554 2.
406 2502 442 2555 et
467 2485 500 2556 7.
530 2486 587 2556 10.
616 2482 672 2556 15.
697 2509 776 2584 pag.
796 2486 877 2576 154.
903 2484 977 2556 init.
1004 2511 1083 2586 pag.
1112 2481 1192 2556 155.
1219 2485 1294 2558 init.
1320 2511 1398 2586 pag.
1421 2483 1502 2556 156.
1529 2504 1614 2558 extr.
1640 2511 1717 2584 pag.
1747 2485 1830 2574 145.
1858 2483 1917 2554 lin.
1945 2485 1979 2554 7.
2006 2509 2048 2554 ss.

971 2649 1005 2750 §.
1044 2651 1104 2739 40.

134 2789 254 2856 Restat
278 2799 321 2852 ut
350 2781 534 2879 singularia
565 2781 738 2880 quaedam
766 2803 984 2858 moneantur.
1037 2791 1133 2856 Inter
1164 2810 1204 2858 ea
1236 2786 1392 2884 primurn
1420 2785 1458 2857 in
1487 2785 1610 2858 oculos
1643 2786 1811 2870 incurrit,
1849 2787 1948 2884 quod
1978 2789 2050 2858 fere

31 2909 175 2983 nullum
196 2905 236 2976 in
256 2909 377 2978 Marco
400 2905 613 2977 vocabulum
633 2904 733 2978 cuius
754 2905 835 2978 finis
858 2933 932 2980 non
958 2907 1003 2980 sit
1025 2927 1161 3008 puncto
1185 2908 1351 2982 munitus.
1404 2913 1481 2982 Hoc
1505 2923 1570 3008 pe'r
1594 2907 1663 2980 tria
1685 2908 1750 2980 alia
1777 2905 1953 3005 evangelia
1976 2931 2052 2978 non

31 3031 138 3106 redit.
186 3025 322 3099 Deinde
344 3025 449 3097 etiarn
471 3025 544 3101 ltoc
565 3028 664 3102 sacile
689 3031 908 3119 observatur,
934 3030 1033 3129 quod
1059 3031 1333 3128 quaternionum
1358 3031 1497 3103 numeri
1521 3051 1592 3103 tam
1616 3031 1744 3104 Graeci
1768 3057 1875 3128 quam
1900 3012 2050 3102 Romani

30 3153 146 3228 serius
172 3147 283 3223 additi
315 3167 414 3236 sunt,
449 3149 547 3247 quod
573 3153 756 3226 atramenti
782 3153 883 3225 color
908 3152 1024 3226 docet.
1074 3154 1191 3225 Mintu
1217 3154 1535 3255 facilereperitur,
1560 3152 1659 3252 quod
1685 3152 1785 3225 litera
1810 3156 1847 3225 C.
1875 3175 2050 3249 nusquam

29 3278 70 3348 in
99 3295 179 3348 toto
207 3279 329 3346 Marco
357 3289 482 3359 exstat,
519 3293 556 3346 et
574 3275 690 3348 statim
715 3276 823 3350 altera
847 3276 973 3374 pagina
997 3281 1113 3348 Lucae
1137 3276 1283 3374 legitur,
1317 3302 1396 3377 pag.
1426 3277 1506 3351 196.
1557 3278 1674 3350 Minus
1698 3276 1797 3348 facile
1825 3278 2050 3356 observatur,

30 3397 135 3498 quod
167 3392 421 3494 compendium
458 3393 634 3466 scribendi
663 3417 705 3491 ps
733 3397 772 3467 in
799 3418 877 3471 toto
906 3407 1027 3472 Marco
1054 3424 1129 3471 non
1149 3420 1267 3472 exstat.
1321 3399 1357 3461 Γ
1380 3419 1503 3472 contra
1531 3399 1569 3468 in
1589 3399 1668 3471 solo
1692 3404 1813 3470 Marco
1839 3394 1919 3495 plus
1944 3421 2051 3491 quam

30 3517 241 3620 quadragies
264 3515 408 3613 legitur,
433 3514 472 3588 in
492 3534 570 3589 toto
593 3517 731 3615 reliquo
755 3517 847 3592 libro
872 3519 1011 3592 circiter
1036 3521 1161 3592 decies.
1181 3603 1182 3608 .
1217 3521 1249 3584 Τ
1271 3520 1309 3591 in
1333 3520 1411 3593 solo
1437 3527 1558 3594 Marco
1582 3519 1718 3621 paginis
1742 3517 1864 3616 viginti
1890 3517 2047 3601 duabus,

27 3644 69 3712 in
86 3637 232 3736 singulis
247 3636 397 3736 pluries,
423 3638 615 3739 reperitur,
643 3639 752 3712 octies
769 3641 1015 3716 tantummodo
1032 3643 1070 3714 in
1085 3641 1281 3731 Mattltaeo‚
1298 3642 1485 3742 quinquies
1499 3644 1537 3714 in
1553 3647 1649 3716 Luca
1665 3660 1699 3714 et
1717 3647 1859 3716 Ioanne.
1902 3641 2047 3737 Signum

26 3763 206 3849 xinserto
228 3784 247 3846 ρ
267 3785 440 3858 nusquam
463 3761 501 3832 in
525 3767 646 3834 Marco
673 3781 734 3834 est.

972 3928 1007 4028 s.
1045 3932 1105 4021 a.
1182 4001 1188 4011 ,

37 4057 42 4066 ’
134 4071 213 4138 Νοιι
236 4061 380 4162 quidem
398 4083 518 4134 meum
537 4082 588 4134 est
607 4061 779 4136 hocloco
800 4064 960 4136 criticum
982 4089 1093 4164 agere.
1144 4071 1190 4139 At
1203 4093 1288 4141 vero
1308 4069 1337 4138 si
1358 4088 1391 4139 te
1411 4090 1485 4140 non
1503 4065 1606 4140 suerit
1622 4085 1821 4166 pertaesum
1845 4083 2047 4136 contextam

25 4192 232 4269 orationem
257 4187 369 4287 ipsam
398 4183 594 4284 inspicere,
638 4204 673 4256 et
706 4211 789 4258 cum
818 4187 1029 4262 editionibus
1058 4189 1188 4262 criticis
1217 4211 1289 4263 tam
1313 4190 1482 4263 Matthaei
1511 4215 1618 4288 quam
1646 4188 1756 4261 Marci
1785 4185 1900 4283 aliqua
1931 4185 2045 4286 capita

22 4314 213 4398 conferre,
230 4333 395 4407 magnum
411 4324 446 4378 te
464 4304 654 4380 discrimen
669 4333 744 4381 non
760 4310 897 4398 latebit,
915 4311 1013 4410 quod
1028 4312 1121 4384 inter
1133 4313 1298 4388 criticum
1313 4313 1479 4388 Matthaei
1497 4333 1531 4386 et
1545 4311 1655 4386 Marci
1670 4310 1829 4384 habitum
1844 4307 2041 4383 intercedit.

19 4439 61 4514 si
81 4435 178 4509 enirn
196 4431 365 4532 repereris
380 4429 417 4501 in
429 4429 607 4505 Matthaeo
624 4451 785 4504 nostrum
801 4460 867 4536 per
882 4433 1033 4532 singulas
1043 4436 1186 4536 paginas
1201 4437 1310 4510 semel
1324 4437 1419 4514 bisve
1435 4463 1518 4508 cum
1533 4434 1700 4509 Vaticano
1718 4431 1823 4506 1209.
1841 4431 2041 4518 convenire,

18 4557 64 4636 in
92 4563 215 4630 Marco
235 4553 363 4636 sexies,
394 4550 511 4628 decies
536 4554 592 4628 vel
612 4555 745 4656 pluries
765 4555 854 4630 adeo
876 4557 918 4629 ad
942 4558 1095 4631 eundern
1116 4577 1151 4631 et
1173 4563 1203 4633 L
1225 4559 1287 4657 qui
1307 4557 1465 4657 insigniri
1489 4559 1597 4647 solet,
1624 4556 1790 4632 accedere
1813 4553 1965 4646 videbis3
2004 4552 2041 4627 in

20 4685 69 4756 iis
98 4699 217 4755 autem
242 4674 472 4765 sectionibus,
499 4705 587 4777 quae
613 4700 696 4782 post
719 4679 882 4779 paginam
909 4684 979 4774 174
1004 4682 1186 4780 leguntur,
1211 4683 1437 4784 saepissime..

993 4899 1001 4918 .
1037 4847 1098 4937 41.

46 5039 48 5044 .
127 4979 189 5052 His
218 4976 382 5054 cantibus
413 4976 479 5052 rite
513 4982 676 5084 expensis
705 4981 879 5071 adducor,
909 4846 1139 5074 utscredam,
1175 4986 1392 5084 evangelium
1417 4983 1528 5061 Marci
1553 4983 1745 5084 quodiam
1773 4998 1897 5057 nostro
1923 4973 2040 5051 codici

12 5124 200 5198 insertum
222 5119 291 5190 θεῖ,
324 5120 386 5174 aut
408 5103 594 5202 “perenm
615 5131 681 5209 per
703 5103 793 5182 duos
815 5106 974 5182 librarios
1000 5107 1170 5209 scriptum
1194 5133 1283 5197 esse,
1316 5131 1357 5183 ut
1384 5107 1556 5208 singulare
1583 5107 1751 5182 volumen
1777 5105 1947 5190 efficeret,
1979 5117 2040 5174 aut

138 5241 229 5304 We·
248 5239 424 5306 οῦδ-ΝΜ-
1488 5233 1507 5297 3
