4764 6076
1162 332 1522 422 PROLEGOMENA

347 457 381 518 X

1296 541 1336 592 ut
1361 512 1507 586 celerius
1534 505 1576 578 ad
1598 524 1732 575 teneras
1749 494 1889 596 paginas
1912 497 2175 558 reverterentur.
2234 473 2357 560 Quare
2380 408 2382 484 l

1850 633 2014 688 versuum
2039 621 2207 679 numerus
2235 589 2358 660 variat.

1982 729 2135 800 duorum
2168 714 2360 790 exhiberet

693 605 727 659 et
753 573 901 650 maiores
926 559 1040 629 literas
1065 540 1270 614 scriberent,

809 711 897 789 quae
921 679 993 752 sine
1023 663 1131 738 dubio
1158 643 1351 728 abeodem
1373 634 1517 708 librario
1539 647 1692 702 exaratae
1718 639 1815 702 sunt,

1257 764 1374 837 decim
1407 779 1442 832 et
1472 755 1640 828 maiorem
1676 771 1781 844 quam
1812 735 1950 834 triginta

1508 879 1660 974 aliquem
1685 868 1792 940 alium
1821 860 1950 932 librum
1973 853 2155 922 irtventum
2188 837 2260 920 iri,
2306 835 2361 928 qui

348 605 456 704 litteus*
477 616 667 712 ponerent,

350 771 384 824 et
407 746 444 816 in
471 736 513 809 iis
536 725 616 804 libri
627 709 783 822 partibus

348 875 447 964 Quae
473 857 644 932 minorem
676 839 863 904 numerum
898 817 1059 874 versuum
1085 804 1190 880 quam
1220 795 1256 842 se

351 990 513 1094 paginam
536 975 573 1043 in
596 977 720 1034 nostro
745 943 836 1016 libro
862 947 934 998 non
960 910 1084 1010 reperi.
1133 905 1266 970 Tamen
1293 887 1349 961 vir
1374 883 1482 956 credo

350 1128 513 1186 versuum
538 1099 723 1164 nutrierum
748 1061 835 1134 adeo
860 1041 979 1114 variet.

1289 1224 1323 1324 §-
1363 1218 1423 1294 ao.

994 1396 1049 1470 vel
1080 1390 1173 1490 stylo
1198 1386 1255 1459 vel
1280 1383 1401 1456 colore
1427 1370 1597 1450 subviridi
1621 1367 1747 1439 ductae
1772 1351 2051 1452 conspiciuntur,
2086 1365 2171 1439 quas
2207 1333 2363 1428 imagine

351 1613 470 1672 nostra
496 1573 687 1673 exprimere
711 1567 787 1620 non
826 1531 922 1602 'cuit
1156 1511 1292 1584 circino
1316 1503 1477 1582 librarius
1502 1493 1711 1594 quadratum
1736 1501 1892 1555 emensus
1925 1491 1996 1556 est,
2030 1486 2066 1540 et
2089 1461 2190 1536 lineis
2215 1455 2363 1558 paginas

437 1727 523 1778 enus
540 1687 682 1790 quidem
692 1660 804 1743 literis
814 1649 1017 1754 implendae
1034 1659 1158 1722 essem,
1174 1627 1458 1730 circumscripsit
1484 1617 1619 1696 Deinde
1635 1609 1847 1708 singularum
1857 1599 2027 1671 linearum
2042 1585 2151 1689 spatia
2168 1575 2365 1678 disposuit,

450 1825 487 1897 lii
513 1815 680 1900 cuiusque
708 1790 853 1862 alteram
877 1775 1041 1878 paginam
1066 1763 1169 1842 lineis
1195 1759 1324 1834 divisit.
1375 1761 1417 1826 ln
1442 1749 1549 1822 altera
1572 1738 1698 1842 pagina
1722 1729 1798 1803 folii
1822 1723 1917 1796 idem
1942 1741 2032 1817 opus
2057 1728 2214 1810 repetere
2245 1724 2364 1770 neces

527 1961 574 2010 on
599 1944 651 2000 est
676 1920 808 1994 voum,
833 1905 862 1976 si
887 1901 980 2003 stylo
1006 1897 1118 1968 lineae
1146 1889 1271 1962 ductae
1294 1899 1426 1958 essent,
1452 1871 1534 1970 quia
1558 1860 1687 1966 prioris
1705 1853 1851 1956 paginae
1869 1839 2021 1916 dilucide
2044 1827 2363 1930 conspiciebantur.

676 2069 725 2117 on
751 2038 799 2108 ita
825 2028 937 2102 secuti
961 2043 1061 2110 sunt,
1086 2039 1128 2096 ut
1151 2014 1208 2088 vel
1232 2009 1377 2083 inferior
1401 1999 1459 2074 vel
1483 1987 1645 2092 superior
1670 1981 1838 2072 cuiusque
1862 1969 1980 2041 literae
2004 1983 2083 2061 pars
2107 1955 2240 2026 lineam
2269 1969 2363 2016 suam

840 2183 901 2228 um
926 2155 975 2224 ita
1002 2167 1156 2227 tantum,
1182 2161 1222 2210 ut
1246 2162 1290 2207 ne
1317 2127 1491 2232 spatium,
1517 2110 1615 2213 quod
1641 2108 1732 2178 inter
1759 2098 1844 2168 duas
1869 2091 1976 2162 lineas
2001 2097 2101 2160 esset,
2130 2071 2239 2144 nimis
2268 2089 2365 2136 exce

348 2327 499 2398 deretur.
549 2307 667 2396 Quare
693 2283 896 2390 saepissime
922 2281 1148 2352 factumest,
1187 2283 1227 2336 ut
1252 2255 1368 2332 media
1393 2271 1474 2350 pars
1498 2239 1632 2341 primae
1657 2229 1776 2299 literae
1801 2239 1918 2290 versus
1943 2209 1980 2278 in
2003 2203 2093 2274 linea
2118 2194 2300 2293 quiescat,
2338 2207 2364 2253 at

466 2429 582 2532 capita
617 2439 853 2497 extremarum
886 2408 1067 2480 literarum
1099 2389 1319 2492 superiorem
1351 2378 1481 2448 lineam
1514 2360 1681 2453 attingant
1711 2345 1765 2418 rel
1798 2339 1885 2414 adeo
1918 2328 2095 2404 excedant.
2147 2322 2296 2388 Canone
2328 2309 2362 2378 ad

936 2529 1034 2604 facile
1062 2507 1373 2595 animadvertitur,
1399 2519 1506 2594 quam
1531 2495 1657 2585 parum
1681 2465 1808 2566 singuli
1831 2475 1952 2532 versus
1973 2449 2014 2522 ad
2041 2471 2123 2518 eum
2148 2433 2264 2510 exacti
2292 2430 2364 2500 sint.

352 1733 435 1815 quat

353 1857 388 1910 et
413 1833 449 1902 so

351 1955 479 2032 sarium
501 1968 524 2010 n

348 2079 471 2154 Lineas
494 2051 624 2130 librarii
649 2074 674 2119 n

347 2469 431 2521 vero

348 2565 537 2668 imaginem
563 2573 722 2626 nostram
749 2535 908 2615 adhibito

350 3193 447 3268 rimis
464 3183 651 3262 codicibus
671 3157 923 3267 antiquissimis
1095 3165 1103 3176 ·
1159 3131 1167 3145 '
1232 3180 1240 3196 .

1307 3239 1314 3254 '
1522 3273 1530 3300 ,
1803 3213 1907 3287 mque
1936 3174 2119 3279 expalluit,
2137 3168 2180 3236 in
2196 3158 2366 3261 prioribus

866 3281 972 3354 affusa
998 3267 1055 3342 rel
1080 3283 1171 3356 aqua

1853 3316 1961 3404 Saepe
1979 3302 2107 3371 factum
2127 3311 2197 3360 esse
2217 3281 2365 3352 videtur,

1234 3361 1446 3442 mendantur
1470 3342 1527 3414 rel
1552 3333 1739 3409 adduntur.
1765 3318 1805 3406 ’ἢ

2289 3407 2368 3471 Item

349 3599 389 3650 ut
415 3575 463 3646 ab
489 3569 566 3642 alt'a
599 3581 710 3630 manre
744 3535 932 3618 emendata
965 3519 1031 3594 riri
1498 3487 1586 3564 quae
1621 3455 1689 3524 alio
1721 3460 1857 3512 tantum
1889 3427 2009 3498 colore
2043 3418 2136 3519 picta
2161 3411 2237 3498 sint,

1012 3613 1023 3624 ³
1491 3581 1686 3662 sensimque
1705 3561 1747 3630 ad
1766 3550 1939 3648 nigritiem
1958 3543 2060 3612 color
2078 3529 2239 3606 ascendit.
2292 3527 2366 3590 Nam

461 3695 548 3768 dum
576 3705 648 3768 est,
675 3703 720 3748 ne
747 3665 827 3766 quis
854 3653 925 3728 salli
951 3672 988 3716 se
1010 3635 1085 3738 pati
1790 3675 1797 3687 .
1859 3669 1866 3684 ·

993 3760 1068 3830 dies
1094 3742 1230 3818 crescit.
1282 3737 1394 3798 Porro
1419 3705 1513 3782 haud
1540 3717 1618 3765 raro
1644 3687 1700 3767 stt,
1727 3696 1765 3748 ut
1788 3699 1826 3743 tn
1844 3670 2024 3739 literarum
2049 3656 2193 3754 singulis
2216 3646 2368 3719 ductibus

1648 3804 1796 3904 'gritiem
1816 3809 1946 3873 servet,
1971 3787 2076 3885 plane
2097 3780 2156 3857 ita,
2181 3792 2221 3843 ut
2245 3791 2368 3839 norum

1821 3911 2034 3988 curatissime
2057 3905 2094 3974 in
2112 3927 2150 3972 ea
2169 3899 2248 3967 loca
2266 3887 2370 3984 inqui-

1581 4057 1754 4132 videntur.
1805 4047 1921 4135 Atque
1940 4059 1977 4104 re
1997 4024 2130 4102 veroin
2148 4037 2271 4090 nostro
2289 4013 2369 4081 libro

1845 4163 1852 4178 ⁸
2171 4157 2268 4208 utem
2293 4126 2368 4200 locis

350 3725 458 3774 (ἫΕΙΙ

350 3847 473 3898 reeens
498 3829 663 3914 paratum
689 3800 926 3868 atramentum
953 3769 990 3836 in

1473 4193 1510 4260 ⁶.
1562 4182 1655 4254 Insra
1681 4200 1741 4245 eos
1768 4157 1967 4263 significavi.
2019 4157 2061 4221 In
2085 4168 2170 4215 usa
