4764 6076
352 351 472 416 xnvr
931 307 936 321 ’
1171 348 1536 415 raotaeontana

305 625 311 636 .
350 529 554 616 institutam.
607 529 714 622 Quod
743 528 847 600 etiam
874 548 915 599 ex
942 553 986 600 eo
1011 527 1241 627 perspicitur,
1267 529 1364 628 quod
1388 554 1454 626 per
1472 547 1588 601 totum
1609 551 1748 600 nonum
1764 527 2014 625 decimamque
2029 527 2217 599 saeculum
2235 525 2374 598 nullan*

267 677 279 692 ·
349 676 415 750 per
440 649 647 723 Germanias
670 649 847 721 nominari
871 669 991 748 potest
1016 647 1285 735 monasterinm,
1319 651 1418 723 nulla
1440 650 1580 738 schola,
1606 650 1643 722 in
1669 677 1739 748 qna
1763 656 1917 724 Graecae
1942 649 2062 722 literae
2088 667 2263 720 mactatae
2287 647 2353 726 sint,

350 774 430 847 solo
455 770 669 870 Sangallensi
694 793 844 872 excepto
860 771 909 868 ²3¹).

1279 868 1313 968 §-
1355 869 1438 942 112.

451 1016 530 1084 Hoc
561 1008 667 1106 igitur
698 1027 834 1078 certum
868 1025 936 1092 est,
975 1005 1177 1106 scriptionis
1203 1006 1439 1078 characterem
1464 1006 1580 1078 solum
1606 1005 1843 1080 nullomodo
1870 1006 2125 1080 documentnm
2152 1035 2255 1096 ease,
2292 1011 2356 1080 seri·

351 1157 456 1234 ptum
482 1159 555 1205 esse
582 1131 735 1228 aliquem
760 1129 889 1200 librum
913 1154 989 1200 non
1013 1149 1085 1200 tam
1109 1127 1203 1227 apud
1230 1131 1426 1198 Germanos
1451 1126 1508 1198 vel
1531 1126 1761 1214 Alamannos,
1788 1153 1894 1224 quam
1918 1128 2014 1228 apud
2039 1127 2234 1202 Hibernos.
2285 1131 2357 1202 bid·

352 1257 471 1331 titudo
498 1255 594 1327 enim
619 1254 694 1352 ipsa
719 1252 884 1324 codicum
910 1247 1175 1347 anglosaxonica
1202 1247 1416 1346 scriptorum
1439 1250 1582 1346 probat,
1608 1247 1646 1317 in
1671 1247 1858 1318 Germania
1883 1268 1917 1320 et
1933 1247 2138 1320 Alamannia
2162 1249 2270 1321 hunc
2294 1253 2357 1322 seri·

354 1376 462 1448 bendi
489 1375 725 1447 characterem
749 1370 908 1468 viguisse.
960 1374 1007 1440 At
1030 1395 1115 1442 vero
1141 1368 1245 1440 etiam
1270 1367 1307 1438 in
1332 1369 1566 1466 peculiaribus
1591 1368 1748 1456 indiciis,
1785 1394 1875 1467 quae
1900 1369 2100 1442 Hiberniam
2124 1369 2357 1442 demonstrare

353 1500 538 1584 videntur,
578 1493 833 1596 expendendis,
870 1515 1006 1564 summa
1039 1489 1155 1563 cautio
1191 1509 1242 1560 est
1267 1487 1475 1562 adhibenda.
1526 1495 1580 1562 Ita
1603 1493 1791 1562 Scotorum
1814 1489 2038 1562 librariorum
2061 1492 2214 1564 nomina
2241 1491 2358 1564 adiecta

355 1621 455 1694 nullo
483 1617 593 1690 modo
615 1616 789 1689 Scoticam
808 1613 980 1710 originem
1000 1611 1259 1692 demonstrant,
1285 1630 1321 1680 et
1340 1609 1437 1706 quod
1460 1611 1568 1708 magis
1590 1612 1741 1699 mireris,
1765 1639 1811 1684 ne
1830 1612 1984 1709 psalterii
2003 1612 2150 1710 quidem
2167 1614 2358 1686 Basileeusis

352 1742 508 1840 hymnus
537 1739 579 1826 in
609 1736 753 1808 laudem
787 1732 927 1804 Patricii
960 1751 995 1804 et
1029 1731 1188 1827 Brigittae
1224 1751 1259 1802 et
1291 1730 1421 1802 insulae
1454 1733 1668 1804 beatissimae
1694 1733 1828 1806 mentio
1852 1734 1904 1804 ibi
1926 1735 2016 1808 saeta
2038 1735 2198 1808 scotiam
2226 1736 2359 1835 patrina

355 1862 535 1958 assignant.
587 1863 652 1928 Per
684 1882 721 1926 se
756 1854 849 1926 enim
880 1852 1046 1923 credibile
1082 1873 1149 1938 est,
1188 1851 1381 1924 monachos
1414 1853 1606 1940 Hibernos,
1648 1855 1752 1926 etiam
1781 1855 1818 1926 in
1851 1856 2003 1931 extemis
2034 1857 2135 1930 terris
2168 1858 2260 1930 sede
2295 1859 2359 1944 lixa,

354 1983 486 2082 patriae
521 2001 659 2052 sanctos
693 1999 898 2074 sanctasque
931 1972 1155 2046 veneratione
1189 1997 1262 2044 esse
1295 1993 1517 2071 prosecutos,
1555 1993 1590 2044 et
1621 1975 1771 2072 patriam
1803 1976 1953 2048 insulam
1977 1977 2139 2050 laudibus
2166 1979 2359 2050 celebrasse

353 2105 421 2178 Sed
449 2103 573 2177 doceri
598 2103 703 2174 etiam
727 2117 860 2199 potest,
886 2095 1025 2166 Patricii
1045 2094 1274 2192 Brigittaeque
1300 2095 1436 2167 cultum
1461 2094 1497 2165 in
1513 2095 1638 2168 multas
1656 2096 1815 2194 regiones
1831 2097 2044 2172 continentis
2059 2099 2227 2172 transisse
2241 2101 2310 2198 ω)
2324 2141 2361 2160 ···

355 2249 390 2299 et
416 2225 578 2324 cogitari,
605 2225 758 2319 aliquam
774 2219 890 2290 Rheni
914 2218 1123 2302 insularum,
1149 2216 1206 2288 vel
1221 2214 1392 2288 maiorem
1407 2219 1463 2290 vel
1481 2217 1628 2290 divitem
1639 2219 1804 2316 Auginm‚
1828 2219 1942 2294 verbis
1966 2219 2115 2309 „insola
2135 2222 2360 2292 deutheriam

359 2349 510 2421 ostendi.
559 2349 613 2418 Ex
637 2345 693 2416 his
720 2343 813 2414 enim
840 2340 960 2412 insulis
985 2338 1058 2410 sine
1085 2339 1195 2412 dubio
1221 2339 1409 2440 episcopus
1435 2339 1636 2414 Basileensis
1660 2342 1758 2414 huuc
1782 2342 1912 2415 librum
1938 2341 2024 2414 olim
2048 2361 2174 2414 nactus
2200 2362 2269 2415 est.

1289 2481 1323 2584 ᾗ.
1353 2482 1435 2552 115.

456 2625 555 2713 Quae
582 2617 698 2690 adbuc
724 2615 965 2715 exposuimus,
1003 2617 1160 2687 sufficere
1186 2615 1417 2688 videaturad
1444 2616 1775 2704 demonstrandum,
1814 2617 1944 2690 indicia
1967 2618 2098 2718 patriae
2123 2617 2243 2690 modo
2272 2619 2361 2690 rehu

358 2741 487 2813 idonea
513 2767 603 2827 esse,
632 2760 682 2824 et,
708 2740 774 2810 nisi
792 2738 855 2809 alia
874 2739 1029 2835 graviora
1047 2738 1158 2809 afferri
1174 2739 1324 2837 possint,
1355 2765 1535 2837 nunquam
1549 2741 1642 2828 sore,
1669 2760 1709 2810 ut
1729 2737 1772 2812 de
1790 2739 1857 2812 hae
1873 2765 1909 2812 re
1929 2760 2026 2814 certo
2048 2761 2197 2814 constet.
2253 2747 2361 2840 Itaque

359 2887 448 2958 quae
475 2863 625 2960 amplius
651 2860 745 2932 nacti
769 2861 871 2933 nobis
898 2887 970 2931 esse
996 2861 1158 2931 videmur
1183 2861 1324 2958 vestigia
1347 2887 1601 2962 proponamus.
1704 2876 1707 2882 '

1243 3081 1248 3088 .
1288 3002 1321 3100 t·
1352 3001 1434 3090 114·

462 3139 642 3230 Quantum
667 3136 851 3235 explorare
872 3135 989 3222 licuit,
1023 3135 1138 3208 codex
1165 3162 1271 3232 quem
1297 3137 1456 3210 manibus
1477 3156 1637 3210 tenemus
1664 3137 1740 3237 ipsa
1771 3136 2003 3212 remotissima
2025 3135 2237 3235 antiquitate
2261 3139 2365 3210 Sancti

359 3261 456 3331 Galli
482 3256 715 3332 bibliothecae
741 3259 938 3357 adscriptus
961 3257 1036 3330 fuit.
1087 3258 1225 3330 Indices
1250 3258 1482 3330 bibliothecae
1499 3261 1744 3356 Sangallensis,
1766 3284 1866 3336 nono
1884 3260 2025 3332 saeculo
2042 3259 2191 3345 exarati,
2219 3286 2364 3356 quorun

359 3407 495 3488 partem
526 3381 674 3456 Orellius
700 3407 799 3455 meus
826 3381 863 3454 in
886 3381 1036 3480 epistola
1059 3380 1102 3452 ad
1129 3381 1344 3480 Madvigium
1368 3382 1572 3483 proposuit,
1598 3382 1793 3462 indubitata
1816 3383 1922 3454 huius
1942 3379 2023 3452 libri
2041 3379 2174 3452 indicia
2193 3379 2366 3454 exhibent

359 3510 443 3594 Sed,
474 3506 570 3604 quod
598 3506 707 3604 pluris
734 3527 804 3591 est,
843 3505 981 3603 inipso
1007 3505 1291 3604 Ratpertilibro'
1319 3505 1364 3576 de
1397 3511 1430 3578 S.
1459 3506 1553 3580 Galli
1578 3505 1712 3578 casibus
1734 3505 1951 3606 apertissima
1975 3501 2120 3600 vestigia
2149 3505 2272 3574 nostri
2302 3503 2366 3574 libri

246 3701 250 3718 ,
359 3630 530 3704 invenisse
552 3625 643 3698 mihi
665 3626 799 3718 videor.
866 3626 949 3694 Fuit
980 3632 1165 3722 Ratpertus
1199 3625 1392 3698 monachus
1425 3632 1628 3711 Hartmoto,
1669 3625 1783 3698 abbati
1822 3631 1854 3697 S.
1891 3623 2002 3706 Galli,
2040 3623 2103 3720 qui
2131 3623 2191 3694 51.
2223 3623 2367 3696 Ianuarii

359 3753 666 3829 DCCCLXXXIV,
692 3745 786 3818 diem
806 3767 1012 3845 supremum
1029 3744 1127 3830 obiit,
1154 3764 1263 3816 aetate
1281 3770 1421 3843 suppar.
1472 3751 1505 3816 Is
1521 3746 1695 3819 Hartmoti
1712 3746 2047 3819 administrationem
2063 3763 2227 3818 accurate
2247 3743 2367 3816 deses

359 3874 447 3974 psit,
474 3893 509 3944 et
533 3871 642 3944 libros
664 3859 736 3940 tarn
759 3893 849 3966 quos
875 3865 1065 3952 Grimaldi,
1092 3865 1223 3936 abbatis
1252 3863 1414 3938 canonici
1435 3866 1528 3938 vices
1553 3891 1691 3964 gerens,
1716 3893 1826 3966 quam
1843 3893 1933 3964 quos
1952 3867 2027 3966 ipse
2054 3869 2157 3938 abbas
2180 3865 2367 3941 institutus

359 3995 511 4096 paravit,
538 3991 762 4064 enumeravit.
814 3989 901 4060 Vide
925 3989 1104 4063 'Goldasti
1125 3994 1223 4060 Rerr.
1247 3987 1357 4061 Alam.
1379 3992 1480 4062 Tom.
1501 3995 1528 4066 1.
1552 3993 1589 4063 P.
1609 3992 1640 4061 1.
1662 4016 1740 4089 pag.
1770 3988 1833 4074 29,
1863 3991 1926 4070 30,
1953 3990 2018 4074 31,
2046 3987 2105 4058 32.
2156 3985 2281 4060 Perta,
2310 3991 2366 4061 lc.

359 4141 439 4216 pag.
453 4117 500 4188 70
526 4103 560 4186 et
583 4139 661 4212 pag.
685 4112 743 4183 72.
793 4117 868 4208 Pag.
888 4110 944 4182 32.
993 4109 1178 4196 Goldastr',
1220 4135 1297 4209 pag.
1321 4110 1379 4182 72.
1431 4109 1563 4183 Pertzr'r'
1583 4105 1754 4210 expressis
1777 4109 1890 4184 verbis
1911 4108 2191 4204 Euangeliomm
2210 4111 2368 4183 volumen

361 4264 470 4309 imum
496 4252 727 4306 enumelalul'.

449 4479 480 4555 ⁴³²)
521 4477 596 4540 Non
619 4474 744 4556 quidem
767 4495 815 4536 me
836 4473 929 4546 latet,
961 4471 1039 4553 quid
1059 4483 1171 4535 contra
1197 4491 1231 4533 ea
1254 4491 1335 4554 quae
1355 4473 1452 4534 modo
1473 4463 1628 4543 diximus,
1655 4466 1764 4531 afferri
1785 4467 1899 4532 soleat.
1941 4466 2018 4532 Scio
2039 4469 2145 4533 fictam
2165 4487 2240 4536 ease
2263 4471 2374 4539 Caroli

520 4569 685 4650 epistolam
714 4565 903 4632 decretalem
930 4564 998 4639 (Cl.
1028 4565 1201 4627 Tkomuaaa‘a.
1223 4567 1308 4628 -Vet
1335 4578 1368 4628 et
1394 4565 1484 4626 Nor.
1512 4562 1629 4626 eccles.
1654 4561 1820 4642 disciplina
1849 4562 1948 4626 Tom-
1967 4561 2036 4638 IV,
2059 4582 2135 4650 pag.
2157 4561 2234 4629 46¹.
2283 4569 2374 4650 Apud

521 4663 685 4723 launoium
706 4660 851 4739 aliosque
881 4659 1011 4732 multos,
1040 4656 1123 4720 idem
1153 4671 1388 4722 monumentum
1416 4675 1602 4736 expressum
1630 4657 1707 4731 est.)
1736 4659 1774 4719 de
1800 4659 1962 4720 condenda
1993 4657 2181 4737 Osnabrugi
2206 4659 2369 4724 literarum

521 4755 719 4816 Graecarum
740 4753 871 4823 scholar
893 4751 962 4814 scio
982 4751 1140 4832 suspicari
1162 4753 1351 4826 nonnullos,
1372 4750 1466 4816 etiam
1489 4748 1645 4814 Coloniae
1665 4749 1774 4812 literas
1790 4751 2101 4816 Graecastractatas
2121 4771 2213 4827 esser
2236 4753 2299 4819 sed
2314 4754 2374 4817 scio

519 4847 611 4910 etiarn
644 4849 722 4909 haec
753 4845 858 4909 omnia
889 4866 953 4908 non
981 4866 1076 4926 pesse
1102 4847 1249 4926 probari.
1299 4843 1443 4909 'l'raiecti
1472 4845 1513 4907 ad
1539 4845 1683 4908 Rhenum
1712 4839 1836 4928 Graeca
1862 4845 2056 4929 naualique
2077 4855 2225 4930 tempore
2247 4863 2368 4931 praeter

522 4941 778 5005 consuetudinem
801 4937 960 5022 tnagistre
977 4941 1076 5004 Sento
1098 4943 1332 5022 tractabantnp,
1354 4937 1423 5004 ct
1436 4939 1608 5001 lbameuia.
1629 4938 1654 5001 Ι.
1675 4957 1708 5000 c.
1728 4957 1804 5020 pag.
1826 4937 1903 5002 tta,

429 5038 475 5114 ¹⁰⁸)
519 5033 577 5099 Cl.
598 5034 729 5096 Bolload.
751 5032 1024 5096 stannaturam
1044 5021 1160 5098 sanctt.
1181 5055 1281 5110 ruens.
1303 5035 1403 5098 Febr.
1455 5079 1457 5086 -
1483 5081 1487 5088 .
