4764 6076
362 403 484 471 xvm
1187 373 1550 466 enocn‘oonnna.

360 587 463 660 simul
487 611 570 656 eum
591 581 735 680 reliquis
759 578 873 654 nostri
897 577 1031 652 codicis
1053 577 1176 656 scribis
1195 577 1286 653 duos
1309 580 1414 652 etiam
1431 581 1469 652 in
1488 587 1611 654 Marco
1628 602 1820 683 occupatos
1842 584 1966 671 bisse,
1991 585 2039 656 ita
2066 603 2201 675 tamen,
2228 609 2275 660 ut
2298 588 2368 662 alter

361 711 510 783 almum
534 710 645 780 verbo
672 705 816 772 torma
839 729 917 805 pag.
943 699 1024 794 174.
1050 703 1236 802 exciperet.
1287 703 1360 794 Qui
1391 703 1549 804 priorem
1576 704 1687 778 Marci
1717 725 1854 804 partem
1883 707 2051 792 exaravit,
2083 707 2196 786 bomo
2230 710 2368 808 diligen

359 834 428 905 fuit
456 853 493 905 et
521 849 701 904 accuratus
708 859 719 920 3
757 827 819 924 qui
848 825 1103 926 posteriorem,
1136 825 1248 902 bomo
1275 826 1383 913 letis,
1418 825 1601 900 festinante
1634 829 1779 902 calamo.
1831 833 1964 902 Temen
1995 849 2144 930 uterque
2177 857 2222 904 ex
2254 833 2369 908 iisdem

361 956 517 1030 sontibus
547 953 757 1037 hauserunt,
791 948 841 1022 ita
872 967 912 1020 ut
941 948 1005 1020 uni
1030 947 1160 1020 sensim
1187 948 1387 1046 sensimque
1416 974 1453 1021 se
1478 949 1582 1050 plane
1611 949 1683 1022 fere
1712 949 1924 1022 addicerent.
1975 951 2053 1022 Hoc
2079 951 2229 1025 mxime
2264 954 2313 1024 de
2338 983 2369 1028 eo

364 1078 471 1162 valet,
499 1074 562 1174 qui
585 1071 821 1173 posteriorem
845 1069 955 1143 Marci
981 1089 1117 1170 partem
1142 1067 1299 1142 absolvit.

1198 1309 1209 1316 .
1304 1233 1337 1334 t·
1378 1233 1437 1322 tt.

459 1395 519 1494 Ita}
544 1413 701 1489 quartam
734 1387 961 1489 quintumque
1004 1375 1086 1455 libri
1123 1385 1235 1457 nostri
1268 1405 1404 1486 partem
1429 1407 1588 1460 accurate
1615 1387 1845 1462 distinximus.
1898 1369 1970 1461 lain
1996 1391 2041 1464 de
2066 1397 2160 1467 Luca
2186 1417 2223 1468 et
2254 1403 2372 1470 Ioanne

364 1517 554 1590 videamus.

410 1655 412 1658 ·
467 1640 632 1730 Quorum
660 1633 841 1736 inpriore
868 1632 1008 1704 nullum
1039 1631 1221 1729 vestigium
1250 1631 1428 1730 indagavi,
1464 1630 1565 1730 quod
1596 1655 1661 1704 nos
1687 1631 1841 1703 iudicare
1867 1657 2019 1732 cogeret,
2052 1639 2090 1710 in
2120 1639 2242 1739 plures
2273 1663 2373 1738 partes

368 1762 497 1832 librum
530 1756 801 1859 dispescendum
834 1779 917 1825 esse.
971 1757 1050 1825 Hoc
1082 1777 1195 1823 rmum
1222 1751 1310 1824 mibi
1337 1752 1516 1825 interdum
1546 1754 1639 1836 visus
1668 1779 1747 1825 sum
1777 1758 1976 1846 observare,
2014 1759 2117 1831 unius
2145 1761 2203 1831 vel
2230 1761 2371 1832 duarum

368 1887 575 1986 paginarum
597 1882 809 1982 scripturam
833 1905 852 1948 a
876 1875 1009 1948 Lucani
1032 1873 1162 1947 librarii
1186 1875 1442 1948 consuetudine
1469 1875 1512 1949 ed
1539 1877 1708 1948 Marciani
1729 1897 1890 1954 tenorem
1911 1879 2112 1961 deflectere.
2161 1883 2244 1952 Non
2272 1903 2372 1953 auten

366 2006 415 2078 ita
436 2031 509 2078 esse
533 2003 706 2106 spondeo.
757 2005 891 2074 Tamen
913 2000 942 2070 si
965 1997 1068 2070 etiam
1095 1997 1154 2070 alii
1178 2024 1319 2070 mecum
1344 1999 1598 2082 consentirent,
1625 2026 1779 2098 quorum
1797 2001 1834 2072 in
1857 2001 1930 2074 istis
1952 2007 2053 2077 rebus
2071 2003 2248 2077 iudicium
2277 2008 2370 2086 valet,

365 2132 469 2230 piane
497 2154 572 2201 non
600 2127 753 2200 rrtirarer.
810 2125 945 2196 Scimus
971 2121 1065 2193 enim
1088 2121 1275 2222 episcopos
1296 2121 1475 2194 interdum
1507 2122 1738 2222 calligraphos
1765 2127 1990 2223 abbatesque,
2018 2125 2079 2224 qui
2103 2125 2290 2198 delibandi
2310 2128 2373 2225 pin

366 2250 542 2348 gendique
568 2250 686 2321 literas
710 2267 820 2320 artem
844 2247 908 2318 diu
932 2245 1144 2333 obiecerant,
1177 2244 1355 2317 interdum
1382 2243 1425 2316 ad
1452 2271 1542 2344 opus
1568 2245 1776 2318 derelictum
1812 2246 1971 2331 rediisse,
2003 2269 2044 2320 ut
2073 2251 2172 2348 qussi
2204 2249 2372 2322 bonorem

366 2373 620 2470 significarent,
654 2395 761 2470 quem
794 2346 885 2440 libro
919 2368 1022 2440 alicui
1055 2367 1268 2450 tribuebant,
1304 2387 1339 2440 et
1372 2367 1521 2466 singulas
1554 2368 1669 2440 literas
1702 2369 1913 2468 pagiumque
1947 2393 2101 2442 exarasse
2134 2391 2170 2443 et
2203 2371 2373 2444 coloribus

370 2521 521 2570 ornasse.
573 2493 757 2594 Exempla,
794 2517 905 2590 quum
936 2490 1045 2562 multa
1082 2491 1120 2562 in
1153 2510 1299 2590 promtu
1335 2491 1423 2576 sint,
1458 2493 1579 2564 afferre
1618 2492 1841 2592 supersedeo.
1891 2491 2026 2586 Quidni
2049 2491 2156 2592 iginar
2177 2493 2373 2574 credamus,

371 2618 574 2714 magistrum
606 2616 747 2688 scholae
775 2613 954 2686 interdum
985 2613 1027 2685 ad
1055 2613 1311 2713 discipulorum
1342 2639 1451 2714 opera
1480 2613 1719 2696 descendisse,
1762 2635 1797 2686 et
1828 2613 1979 2712 singulas
2008 2613 2149 2716 paginas
2182 2615 2373 2714 praeivisse.

369 2739 442 2810 Illis
460 2737 694 2838 temporibus,
716 2763 805 2836 quoe
822 2737 985 2810 omnibus
1002 2735 1136 2808 auxiliis
1152 2739 1330 2820 carebant,
1350 2737 1476 2836 quibus
1495 2737 1605 2811 hodie
1621 2737 1797 2810 scribendi
1815 2764 1869 2810 ars
1885 2759 2130 2838 praenotetur,
2145 2739 2375 2809 necessarium

372 2863 460 2934 adeo
487 2862 589 2933 fuisse
620 2861 691 2932 hoc
716 2860 864 2934 videtur.

1309 3021 1344 3109 S·
1384 3025 1444 3109 tt.
1581 3093 1585 3105 .

473 3181 523 3247 De
558 3184 687 3248 Ioanne
721 3175 817 3246 idem
846 3175 961 3260 valet,
997 3173 1094 3272 quod
1130 3173 1175 3244 de
1201 3177 1305 3244 Luca.
1357 3175 1445 3248 Sunt
1474 3171 1563 3247 adeo
1598 3173 1777 3247 literarum
1810 3174 1941 3248 formae
1974 3173 2012 3242 in
2044 3193 2196 3269 utroque
2224 3193 2305 3243 tarn
2330 3175 2374 3244 sib

374 3301 520 3386 similes,
547 3319 586 3371 ut
602 3319 792 3397 utrumque
808 3297 937 3368 librum
954 3296 1110 3369 eiusdem
1127 3294 1257 3367 librarii
1273 3277 1363 3395 opus
1389 3293 1564 3368 declarare
1590 3295 1687 3368 baud
1712 3295 1880 3372 dubitem.
1932 3299 2030 3388 Quae
2057 3295 2151 3366 enim
2175 3294 2374 3371 variatione

376 3420 613 3521 reperiuntur,
639 3421 686 3492 ita
711 3442 795 3492 snut
821 3440 1056 3521 comparatae,
1090 3440 1130 3490 ut
1156 3417 1309 3491 eundem
1334 3417 1482 3490 scribam
1506 3445 1572 3520 per
1596 3419 1715 3519 plures
1740 3419 1882 3520 paginas
1907 3419 1989 3504 bac,
2021 3431 2085 3518 per
2109 3417 2190 3490 alias
2218 3417 2292 3490 alia
2320 3420 2374 3490 lite

379 3569 496 3616 rarum
522 3545 740 3640 quarundam
765 3545 877 3617 sonna
902 3571 1005 3616 nsum
1032 3569 1105 3616 esse
1131 3542 1203 3613 dici
1228 3541 1355 3641 possit,
1378 3563 1487 3642 prout
1513 3543 1768 3618 consuetudine
1795 3543 1972 3615 subitanea
1998 3541 2199 3612 ducebatur.

1185 3859 1573 3890 nm.

1233 4146 1263 4222 c
1291 4147 1331 4224 A
1355 4145 1402 4224 P.
1452 4145 1534 4224 tv,

377 4367 381 4376 ·
430 4335 747 4423 comeum
775 4313 1411 4440 sanomnnnmsln'r
1437 4337 1938 4421 nonnnnumnr
1965 4339 2347 4420 connino.

1259 4536 1482 4550 *n-

1314 4688 1352 4778 §-
1386 4685 1446 4777 45·

483 4847 604 4938 Quum
639 4840 858 4914 Matthaeius
894 4861 973 4913 ante
1008 4867 1137 4914 novem
1170 4839 1278 4913 lustra
1315 4829 1586 4914 Boemerianum
1624 4841 1786 4914 codicem
1822 4842 1914 4941 typis
1952 4842 2164 4941 exscriptum
2200 4841 2239 4911 in
2279 4841 2371 4912 lucet

380 4968 564 5070 publicam
588 4964 732 5066 prodire
757 4963 911 5050 iuberet,
939 4964 1027 5038 calci
1051 4964 1127 5038 eius
1151 4963 1279 5036 haecce
1306 4967 1410 5038 verba
1435 4963 1575 5036 adiecit:
1611 4965 1677 5040 Ad
1698 4967 1767 5038 tria
1794 4964 1909 5038 nrilb'a
1932 4965 2091 5038 codicum
2118 4962 2371 5040 Graecorumt

384 5094 493 5164 uariis
517 5087 710 5184 regionibus
735 5088 898 5170 tractavi·
923 5087 1060 5160 nullum
1085 5100 1203 5162 tamen
1227 5084 1307 5160 burc
1331 5087 1489 5162 similem.
1540 5087 1716 5186 Equidem
1742 5115 1778 5160 re
1803 5114 1969 5192 converse
1988 5089 2060 5162 ium
2080 5087 2270 5160 exclemri
2299 5111 2370 5188 poe
