4764 6076
344 415 522 484 .xxxv1
824 467 827 474 .
944 365 950 384 ’
1179 407 1543 476 rnonaconana

556 596 606 665 At
620 616 704 666 vero
729 591 855 664 frustra
879 590 997 664 omnia
1020 589 1095 662 eius
1120 613 1210 686 quae
1234 607 1367 660 exstant
1389 589 1519 687 scripta
1542 587 1710 688 percurri,
1733 607 1774 660 ut
1787 587 1908 666 locum
1924 589 2126 689 reperirem,
2152 587 2343 697 qnemglos

460 735 557 788 sator
581 713 783 814 respexerit.
832 715 949 806 Quare
975 711 1017 782 ad
1043 711 1191 782 alterum
1214 709 1394 783 Sadalam
1417 709 1559 782 Seobrm
1584 706 1711 806 respici
1734 734 1808 781 non
1834 707 2081 797 dubitaverim,
2122 733 2238 806 quem
2261 709 2344 806 Htpi

462 833 605 908 danaus
629 834 667 906 in
691 832 814 906 hunsl.
838 832 863 904 l.
890 859 921 904 c.
945 857 1038 905 anno
1064 831 1137 902 818
1161 827 1323 904 claruisse
1350 827 1450 914 dicit,
1476 827 1521 899 ad
1546 855 1654 926 quem
1678 827 1832 906 eundem
1849 830 1953 902 etiam
1969 830 2177 930 psalterium
2193 835 2345 902 Graeom

463 958 635 1042 referunt,
661 955 761 1028 cuius
786 954 918 1027 mentio
943 982 963 1026 a
988 953 1090 1027 nobis
1114 953 1203 1025 sacta
1227 969 1296 1038 est,
1322 949 1368 1022 de
1388 948 1523 1022 codicis
1541 949 1652 1022 nostri
1669 949 1781 1048 patria
1797 947 2055 1024 disserentibus
2106 951 2226 1024 Huius
2242 951 2349 1026 Seddi'

458 1077 680 1177 grammatica
713 1075 885 1174 quaedam
914 1074 1085 1209 opuscula
1116 1069 1320 1146 Labbeus
1310 1095 1349 1142 ιιι
1379 1067 1592 1142 bibliotheca
1615 1068 1763 1140 Thoana
1787 1087 1921 1142 exstare
1945 1072 2067 1156 refert,
2108 1071 2155 1142 ad
2184 1097 2279 1169 quae
2300 1075 2348 1142 for·

459 1219 549 1270 tasse
574 1197 637 1269 illo
663 1217 822 1295 tempore
847 1193 997 1266 maxime
1022 1192 1280 1293 respiciebatur.
1346 1193 1503 1288 Namque
1534 1188 1696 1261 universa
1727 1213 1769 1260 ex
1794 1188 1911 1262 Caroli
1935 1169 2081 1288 quidem
2104 1193 2231 1288 Magni
2257 1215 2350 1264 mente

462 1317 638 1388 institutio
663 1315 869 1390 scholastica
894 1341 913 1385 a
938 1311 1158 1410 grammatica
1181 1307 1518 1411 proficiscebatur,
1509 1334 1616 1407 mque
1640 1309 1862 1407 grammatica
1886 1311 1957 1384 scre
1975 1314 2235 1412 complebatur.
2287 1316 2351 1386 Vidi

463 1436 581 1510 Caroli
606 1435 789 1534 epistolam
813 1430 1091 1528 scholasticam
1081 1455 1120 1502 ιιι
1142 1431 1266 1504 Annal.
1293 1428 1420 1504 Bened.
1446 1433 1549 1504 Tom.
1574 1437 1619 1504 11.
1644 1457 1722 1532 pag.
1743 1432 1815 1504 278
1832 1457 1877 1504 ss.
1904 1459 1994 1530 quae
2019 1433 2125 1508 etiam
2150 1435 2231 1506 aliis
2257 1438 2352 1507 muln

462 1549 502 1626 iia
525 1555 621 1626 libris
647 1553 793 1652 repetita
821 1573 883 1626 est.

366 1677 454 1760 ῐρῖ,
507 1679 584 1770 Pag.
613 1669 694 1746 557.
746 1673 816 1744 Diu
846 1672 1011 1744 haesitavi
1044 1671 1129 1768 quid
1164 1671 1209 1744 de
1237 1671 1294 1742 his
1321 1671 1434 1745 verbis
1466 1672 1626 1746 facerem.
1678 1678 1753 1744 Iam
1777 1673 2047 1786 explicationem
2070 1679 2269 1752 verborum
2293 1704 2354 1750 coa

317 1841 321 1850 =
466 1815 580 1868 textus
606 1827 651 1880 εις
670 1824 774 1868 aaron
793 1795 953 1868 existimo
979 1811 1014 1863 et
1037 1792 1159 1890 lego'
1143 1819 1181 1864 m
1205 1793 1406 1866 oratmnem.
1454 1792 1648 1866 Sententia.
1675 1813 1711 1864 ct
1735 1773 2007 1876 crediderunt''
1984 1821 2026 1866 us
2052 1819 2142 1892 quiae
2159 1798 2352 1896 proferebat

365 1923 404 1984 ul
427 1939 471 1985 sn
494 1915 571 2012 ipso
585 1917 714 2016 sac-3·
743 1927 792 1986 nl.
841 1917 919 2012 Pag.
946 1914 1029 2004 384.
1080 1915 1187 2010 Lege.
1228 1933 1270 1984 ut
1302 1912 1376 1983 sine
1408 1911 1487 2012 ipso
1519 1913 1650 1984 sactum
1674 1933 1726 1984 est
1749 1913 1854 2006 nihil,
1897 1933 1933 1986 et
1957 1915 2101 2013 expedi·
2141 1920 2197 1988 Ea
2224 1919 2354 2016 qinein

465 2053 563 2106 textu
585 2034 672 2133 legis
697 2033 795 2134 quod
822 2034 865 2106 ad
890 2031 1149 2134 grammaticam
1172 2031 1298 2104 similia
1321 2052 1403 2104 sunt
1425 2032 1498 2104 his:
1528 2035 1602 2108 sine
1625 2037 1701 2134 ipso
1714 2037 1933 2140 factumest
1958 2035 2056 2112 nibil.

1302 2169 1335 2270 §.
1368 2170 1427 2246 89.

366 2277 501 2370 Do'N'.
520 2315 599 2390 pag.
626 2285 710 2362 558,

366 2400 460 2490 Βᾶ
482 2439 559 2513 pag.
587 2412 668 2483 ιιι.
698 2408 781 2483 379.

366 2541 469 2608 ΔΟΝ.
495 2541 659 2606 Boemcr.
683 2531 745 2602 fol.
774 2531 831 2614 16.
858 2529 916 2604 55.

365 2639 493 2732 Dffv'.
520 2660 683 2726 Boemer.
716 2650 777 2724 fol.
802 2647 836 2722 5.

364 2776 450 2851 Do.
482 2783 645 2852 Boemer.
680 2773 826 2846 sol18.

562 2900 657 2964 Haec
688 2892 900 2991 compendia
931 2917 1043 2964 unum
1076 2891 1302 2991 scriptorem,
1342 2892 1618 2966 Grammaticum
1643 2893 1853 2980 ostendunt,
1892 2895 2094 2982 Dameam,
2138 2899 2242 2970 cuius
2269 2925 2360 2998 open

462 3011 635 3088 alcuinus
657 3010 728 3082 loc.
755 3009 812 3082 cit.
838 3011 895 3082 his
917 3011 1031 3084 verbis
1055 3032 1241 3084 memorat:

707 3130 803 3223 Quid
828 3135 963 3204 Probus
987 3151 1091 3230 atque
1115 3133 1266 3214 Phocas,
1303 3133 1470 3206 Donatus
1493 3133 1739 3217 Priscianusre.

567 3259 633 3324 Per
656 3271 768 3324 totam
792 3251 945 3324 mediam
969 3271 1116 3324 aetatem
1139 3251 1177 3323 in
1201 3277 1340 3324 summo
1364 3253 1503 3325 honore
1527 3254 1648 3326 Aelius
1672 3254 1839 3328 Donum
1862 3255 2054 3332 habebatur
2082 3257 2181 3356 quod
2214 3261 2276 3332 rel
2297 3261 2362 3330 inde

464 3372 671 3471 intelligitur
695 3372 794 3471 quod
820 3373 890 3445 iam
918 3368 1012 3466 1450
1037 3395 1103 3471 per
1126 3370 1182 3443 Io.
1209 3371 1302 3444 Fas!
1326 3371 1435 3445 editio
1467 3371 1633 3473 princeps
1663 3374 1848 3473 proposita
1872 3397 1934 3448 est.
1984 3383 2026 3447 In
2057 3383 2092 3451 S.
2125 3379 2221 3450 Galli
2255 3407 2365 3453 mona

462 3493 570 3566 sterio
595 3495 665 3565 iam
690 3494 830 3566 saeculo
855 3519 954 3568 nono
978 3493 1081 3592 plura
1106 3491 1180 3563 eius
1205 3493 1364 3592 exempla
1389 3493 1626 3582 habebantur,
1652 3495 1815 3594 catalogis
1837 3497 1996 3586 testibus,
2023 3499 2085 3597 qni
2109 3499 2245 3573 ibidem
2274 3528 2367 3574 assn·

470 3636 606 3688 vantur.
658 3620 700 3685 In
724 3635 847 3686 nostro
873 3613 998 3684 codice
1022 3611 1076 3682 bis
1100 3643 1288 3709 eapropter
1312 3611 1491 3686 mentione
1524 3613 1562 3684 in
1596 3633 1695 3684 textu
1726 3615 1830 3698 sacta,
1872 3618 1916 3688 ad
1940 3623 2118 3691 Donatum
2146 3642 2366 3722 provocatur.

462 3738 542 3830 Pag.
572 3733 638 3804 117
668 3731 711 3801 ad
739 3730 960 3830 hyperbolen
982 3729 1150 3800 Dorionis
1176 3731 1337 3826 magister
1359 3731 1495 3803 citatur.
1544 3733 1695 3810 Maxime
1720 3736 1831 3810 miror
1856 3739 1954 3838 qnod
1974 3741 2012 3813 in
2032 3744 2129 3813 Luca
2154 3741 2198 3813 ad
2228 3744 2369 3814 eandem

463 3853 672 3926 sententiam
703 3851 746 3923 ad
770 3879 877 3952 quam
898 3852 937 3923 in
956 3849 1135 3924 Matthaeo
1157 3849 1325 3944 Donatus
1350 3851 1550 3925 nominatus
1577 3875 1638 3926 est.

1309 3991 1341 4090 ς.
1368 3987 1427 4062 90.

365 4113 474 4196 ΙΙἛἘ
504 4122 654 4196 additur.
705 4128 783 4220 Pag.
810 4125 893 4195 300.
943 4123 1088 4194 Interim
1117 4123 1204 4195 mihi
1224 4147 1360 4198 certum
1383 4147 1451 4216 est,
1487 4129 1592 4228 plano
1615 4128 1705 4202 nihil
1727 4131 1874 4219 referre,
1913 4153 2032 4206 utrum
2060 4133 2191 4206 bannis
2222 4135 2321 4209 haec
2341 4161 2370 4208 ar

290 4245 294 4252 ’
468 4245 612 4318 Graecis
640 4243 770 4344 scripta
798 4244 886 4330 sint,
922 4271 1032 4342 quum
1052 4245 1148 4316 hisce
1178 4247 1379 4346 promiscue
1405 4249 1563 4321 librarius
1590 4251 1628 4322 in
1660 4251 1814 4349 margine
1839 4273 1966 4326 utatur.
2029 4255 2065 4327 si
2092 4255 2308 4330 coniectura
2336 4257 2370 4328 uti

465 4368 567 4468 licet,
594 4394 663 4465 qua
691 4365 822 4438 librarii
840 4366 958 4444 honor
979 4366 1166 4452 minuitur,
1198 4369 1364 4466 equidem
1378 4371 1542 4474 yperbola
1568 4371 1758 4470 legendum
1778 4399 1852 4446 esse
1878 4375 2084 4448 censuerim.

368 4491 437 4588 Ap.
484 4489 601 4561 Semel
620 4509 732 4562 exstat
756 4514 833 4589 pag.
858 4491 940 4562 561.
991 4495 1034 4560 In
1060 4487 1268 4586 quibusdam
1288 4489 1469 4563 codicibus
1492 4517 1536 4562 eo
1561 4491 1645 4565 loco
1667 4493 1726 4566 cui
1744 4494 1832 4567 haec
1856 4517 1943 4586 nota
1958 4497 2140 4584 adhaeret,
2178 4501 2308 4572 verbis
2332 4537 2370 4577 aa

466 4615 696 4705 τηναδιλφην
716 4639 817 4697 aaran
838 4611 955 4713 ipsum
980 4609 1109 4684 Mariae
1129 4636 1261 4684 nomen
1283 4611 1339 4684 vel
1364 4611 1614 4709 praemittitur,
1647 4597 1703 4688 rel
1728 4617 1891 4691 sociatur.
1942 4618 2106 4720 Inprimis
2128 4618 2203 4692 hoc
2226 4623 2278 4695 de
2307 4630 2370 4695 Ver·

463 4734 607 4806 cellensi
644 4735 745 4807 valet.
794 4738 913 4828 Quare
949 4732 1128 4805 librarium
1160 4730 1441 4830 grammaticum,
1482 4731 1666 4808 hominem
1694 4762 1857 4837 perverse
1891 4741 2087 4826 eruditum,
2129 4769 2180 4839 ap
2211 4743 2370 4816 adiecisse

464 4877 626 4939 autumo,
667 4855 958 4953 significaturum,
999 4877 1066 4955 per
1101 4853 1323 4992 aposiopesin
1352 4851 1480 4926 Mariae
1504 4881 1635 4930 nomen
1664 4885 1738 4932 esse
1759 4885 1995 4961 suppressum.
2056 4861 2241 4961 Equidem
2263 4867 2370 4939 salter

469 4977 587 5054 tale
556 4977 681 5052 vitium
705 4975 800 5080 apud
817 4999 979 5082 nostrum
998 5001 1073 5054 non
1093 4973 1214 5048 miror.
