4764 6076
296 335 303 348 ’
361 377 578 444 conicum
600 376 950 443 samositanus
972 379 1034 444 er
1055 377 1288 448 nonanus.
1312 378 1522 446 coouar.
1564 377 1671 446 cnr.
1692 381 1753 444 ιν.
1974 349 2061 452 xxi

52 556 119 628 Sed
147 555 185 629 iu
209 557 420 656 marginibus
443 579 561 630 tamen
589 556 763 632 eiusmodi
787 557 906 632 literae
932 542 1141 646 occurrunt,
1175 559 1375 634 cuiusmodi
1400 561 1437 630 iu
1464 559 1675 659 marginibus
1702 580 1896 634 contextus.
1948 550 2061 639 Etiam

1 673 2 676 '
51 680 190 752 numeri
226 681 355 754 similes
390 675 440 740 ὲ-
476 723 518 738 -
548 680 586 780 *)
629 685 740 754 Habet
776 665 928 779 alibuam
961 681 1226 782 similitudinem
1260 709 1343 756 cum
1371 682 1536 784 psalterio
1573 681 1671 781 quod
1701 666 1998 786 Montesalcoaius
2024 689 2062 758 in

50 802 319 902 palaeograpbia
344 823 443 876 notat
468 827 545 904 pag.
574 804 656 878 257.
683 804 854 903 quodque
880 805 1020 878 saeculo
1046 831 1145 880 nono
1170 806 1341 907 scriptum
1366 807 1546 880 existimat.
1597 811 1606 838 ²

960 988 1018 1088 ,p
1058 983 1116 1057 52.

145 1120 300 1191 Scribam
326 1146 400 1192 nou
425 1123 529 1194 fuisse
555 1125 759 1210 Graecum,
783 1122 931 1228 quilibet
961 1121 1088 1195 harum
1118 1149 1236 1195 rerum
1267 1124 1401 1224 peritus
1426 1124 1685 1216 animadvertit.
1711 1125 1846 1197 Literae
1871 1150 1901 1208 γ.
1921 1127 1950 1190 δ.
1970 1150 2001 1207 η.
2022 1127 2061 1192 θ.

47 1267 82 1323 μ.
103 1263 132 1306 v·
151 1261 182 1304 ⁰·
203 1265 229 1318 s·
249 1264 277 1308 θ·
298 1264 333 1316 et
359 1268 403 1315 ex
428 1243 628 1316 maiusculis
646 1246 686 1309 E.
705 1245 749 1311 A.
770 1245 818 1309 Μ.
839 1246 882 1310 Ν.
903 1245 943 1310 Σ.
966 1245 1009 1310 Ω.
1028 1271 1209 1343 nunquam
1231 1245 1299 1318 hac
1326 1248 1438 1319 forma
1464 1267 1671 1332 occurrunt,
1698 1246 1758 1318 sed
1784 1247 1832 1318 ita
1858 1267 1898 1319 ut
1923 1250 1960 1320 in
1981 1276 2060 1356 spe-

47 1366 235 1438 ciminibus
265 1391 427 1466 expressa
457 1387 548 1438 sunt.
600 1367 736 1439 Literae
763 1391 837 1474 non
869 1368 1006 1464 aequali
1035 1368 1149 1467 spatio
1178 1369 1270 1440 inter
1296 1395 1332 1440 se
1365 1369 1514 1456 distant,
1554 1368 1615 1440 sed
1650 1371 1818 1442 vocabula
1850 1370 2060 1471 plerumque
2157 1381 2160 1388 ’

45 1509 203 1589 separata
241 1509 342 1588 sunt.
381 1489 596 1589 interpositis
625 1490 825 1588 frequenter
856 1489 1007 1589 punctis.
1059 1488 1126 1562 Sed
1152 1489 1277 1564 divisio
1303 1511 1339 1563 et
1365 1493 1571 1565 coniunctio
1598 1493 1852 1564 vocabulorum
1877 1519 1981 1594 saepe
2008 1515 2061 1566 est

45 1611 175 1710 inepta.
235 1616 409 1684 Accentus
441 1632 477 1696 et
499 1611 642 1710 spiritus
666 1637 742 1684 non
771 1611 893 1698 habet,
918 1611 979 1714 ³55³)
1028 1611 1089 1684 sed
1114 1612 1221 1685 lineas
1251 1639 1351 1686 arcus
1380 1635 1415 1686 et
1442 1635 1574 1715 puncta
1604 1616 1642 1685 in
1668 1614 1849 1714 superiore
1881 1615 2061 1695 literarum

42 1755 155 1834 parte.
189 1783 238 1798 --
264 1785 311 1800 -..
336 1734 421 1835 Wi‘)
454 1735 590 1807 Literae
616 1768 637 1810 v
661 1757 697 1807 et
721 1769 735 1810 ι
758 1761 861 1836 saepe
894 1733 1025 1806 habent
1057 1734 1130 1807 duo
1163 1735 1295 1834 puncta
1319 1736 1357 1806 in
1382 1737 1557 1836 superiori
1580 1756 1690 1838 parte.
1708 1733 1816 1835 W)
1865 1741 1906 1806 lu
1922 1742 2060 1810 Graeco

42 1855 145 1928 facile
183 1857 449 1931 confunduntur
481 1857 529 1921 ll·
561 1862 598 1958 †)
637 1884 719 1930 cum
752 1882 804 1941 ts,
822 1881 858 1940 μ.
892 1883 976 1929 cum
1012 1879 1056 1936 2¹0,
1090 1857 1176 1929 item
1207 1883 1240 1923 α.
1261 1859 1291 1924 δ.
1317 1880 1353 1931 et
1377 1859 1406 1924 λ.
1430 1859 1530 1931 facile
1562 1879 1815 1960 permutantur.
1867 1865 1909 1930 Iu
1933 1861 2059 1933 Latino

42 1979 200 2052 occurrit
228 1979 406 2052 interdum
430 1983 605 2052 Graecum
630 2012 651 2054 v
674 1981 757 2054 loco
784 2008 817 2080 y.
845 1986 904 2080 ἡ)
975 1981 1091 2052 Facile
1123 1981 1388 2081 confunduntur
1413 2009 1439 2053 r.
1476 1987 1601 2081 v†††)
1643 2004 1739 2067 ets,
1774 1983 1860 2054 item
1889 2006 1924 2053 n.
1960 2003 1995 2052 et
2022 1983 2074 2066 bs,

42 2101 160 2174 Litera
185 2108 233 2187 tt,
259 2103 320 2174 sed
347 2103 477 2174 minori
509 2103 637 2188 forma,
665 2123 716 2176 est
739 2102 918 2175 interdum
942 2129 1010 2202 pro
1037 2130 1063 2175 r.
1090 2153 1136 2168 -
1161 2107 1267 2202 iffi)

987 2281 1021 2381 §-
1060 2281 1118 2353 53.
1236 2253 1238 2258 ’

150 2419 314 2492 Totidem
340 2419 580 2505 Kusterus,
606 2419 933 2522 Hoffmannus‚
960 2416 1233 2524 Matthaeius
1258 2419 1386 2517 aliique
1412 2421 1459 2491 ita
1484 2438 1524 2489 ut
1542 2416 1652 2491 modo
1667 2417 1771 2493 retuli
1787 2417 2059 2490 Boemerianum

41 2543 265 2625 describunt,
301 2545 488 2618 totidem
523 2543 665 2614 verbis
698 2541 839 2613 simul
870 2553 1063 2614 nostrum
1098 2542 1442 2640 descripserunt.
1502 2541 1574 2612 Nisi
1607 2540 1713 2638 igitur
1747 2537 1785 2608 in
1820 2536 1929 2610 altero
1964 2539 2055 2610 libro

41 2665 223 2762 evangelia
241 2664 279 2734 in
295 2665 406 2737 altero
423 2665 591 2765 epistolae
607 2662 768 2736 Paulinae
787 2683 961 2736 exstarent
977 2684 1012 2736 et
1027 2664 1139 2736 nostri
1155 2662 1303 2752 ambitus
1319 2653 1427 2736 ferme
1445 2663 1576 2764 duplex
1593 2681 1695 2748 esset,
1722 2659 1795 2731 sola
1811 2658 2057 2759 descriptionis

40 2787 177 2860 ratione
202 2789 320 2862 habita
344 2787 442 2859 facile
473 2791 577 2861 ambo
601 2786 681 2860 libri
709 2787 1019 2882 confunderentur.

143 3089 211 3160 Sed
232 3089 336 3160 etiam
359 3090 397 3159 iu
416 3089 544 3161 multis·
560 3088 705 3185 singulis
729 3108 764 3159 et
790 3087 1021 3184 singularibus
1047 3089 1263 3192 conveniunt
1279 3087 1428 3187 mirabili
1451 3087 1595 3160 ratione.
1650 3092 1762 3160 Pauca
1785 3104 1936 3190 tangam,
1962 3083 2057 3153 simi-

38 3211 230 3282 litudinem
254 3212 451 3284 universam
478 3209 686 3311 scripturae,
721 3236 809 3307 quae
836 3237 878 3281 ex
904 3211 1167 3310 comparatione
1197 3211 1309 3284 nostri
1332 3237 1413 3282 cum
1439 3209 1687 3307 speciminibus
1713 3203 1936 3278 Boerneriani
1961 3201 2056 3302 apud

38 3334 274 3407 Matthaeiu‘m
298 3333 416 3432 primo
443 3336 570 3405 obtutu
594 3332 785 3429 detegitur,
807 3333 986 3407 'lectorum
1012 3333 1211 3430 diligentiae
1238 3333 1448 3430 relinquens.
1524 3349 1531 3360 ’
2124 3429 2127 3436 ¹

142 3457 281 3555 Singula
313 3456 373 3529 illa
404 3482 443 3527 ac
475 3455 546 3526 fere
581 3453 767 3552 singularia
800 3454 837 3523 in
871 3455 998 3550 quibus
1024 3454 1276 3525 Boernerianus
1310 3473 1345 3525 et
1368 3450 1595 3548 sangallensis
1628 3447 1842 3520 conveniunt
1866 3443 1910 3517 ad
1935 3445 2055 3544 plures

39 3581 166 3651 classes
192 3577 349 3652 revocari
373 3598 532 3677 possunt.

45 3800 411 3817 m

111 3939 142 4014 a)
165 3937 290 4000 Omissa
311 3930 606 4016 interpretationem
627 3928 786 4013 evangelii
807 3927 980 4001 Matthaei,
1002 3931 1040 3990 de
1062 3945 1122 4008 qua
1146 3926 1241 3988 ruodo
1263 3923 1380 3991 dictum
1403 3931 1466 4000 est,
1488 3924 1586 4004 ipsam
1607 3923 1768 4000 exhibent.

85 4045 141 4121 tx*)
162 4045 247 4109 Vide
267 4065 349 4128 quae
370 4047 409 4108 de
428 4041 522 4107 initio
542 4039 651 4106 Marci
671 4039 704 4103 iu
725 4059 797 4121 cap.
820 4041 859 4102 de
879 4049 1012 4101 externa
1033 4035 1108 4112 libri
1129 4034 1212 4101 faeie
1232 4049 1346 4120 agente
1367 4033 1584 4114 exposuimus.

67 4159 137 4234 aaa)
157 4155 340 4238 Hic'pauea
360 4155 460 4218 rerba
480 4150 587 4226 omisi,
615 4149 729 4232 partim
750 4151 840 4230 quod
853 4147 1039 4230 exemplaa
1061 4143 1241 4210 Matthaeio
1262 4145 1357 4208 allata
1378 4164 1444 4208 mea
1465 4145 1575 4210 facere
1595 4164 1659 4208 nou
1673 4141 1782 4226 potui,
1804 4139 1839 4194 έ-
1862 4163 1997 4226 uanique
2016 4143 2048 4206 in

140 4250 294 4314 ‚Graecis
315 4241 462 4332 equidem
482 4266 578 4328 super
598 4243 756 4332 sololiota
776 4241 932 4305 interdum
961 4235 1109 4302 lineolam
1136 4237 1244 4320 reperi
1271 4269 1327 4311 -,
1355 4238 1471 4321 partim
1502 4238 1591 4317 quod
1620 4235 1719 4316 ipsius
1747 4237 1845 4330 rerba
1873 4255 1938 4300 uon
1967 4240 2048 4334 hene

160 4343 315 4408 intellexi.
744 4398 750 4410 .

46 4424 263 4537 rerrtsmer
283 4453 374 4519 litera
394 4473 416 4514 v
434 4447 616 4538 saepissime
636 4443 782 4528 equidem
804 4442 835 4506 in
858 4441 1058 4526 sangallensi
1086 4461 1180 4504 uuum
1207 4460 1360 4523 nusquam
1389 4442 1452 4504 duo
1481 4448 1596 4520 puncta
1625 4437 1808 4502 observavi.
1851 4436 1927 4502 Duo
1952 4458 2045 4519 saepe
2100 4473 2104 4484 ·

158 4551 223 4614 iota
245 4549 286 4612 im
311 4557 464 4612 suuntur.
1437 4601 1439 4604 ,

98 4661 136 4732 †)
158 4655 261 4720 Huius
288 4572 417 4735 iiuidem
439 4649 639 4718 confusionis
660 4651 762 4714 adhuc
781 4649 813 4711 in
835 4659 947 4712 nostro
970 4645 1147 4725 exemplum
1169 4655 1313 4724 apertum
1330 4663 1394 4708 uon
1414 4642 1540 4725 reperi,
1561 4661 1750 4725 quamquam
1769 4641 1840 4706 loca
1856 4643 2052 4719 observavi,

158 4750 190 4814 in
212 4749 329 4830 quibus
350 4759 454 4812 utrum
475 4746 515 4810 λλ
535 4767 574 4810 au
593 4769 619 4827 μ
639 4745 806 4826 legendum
828 4739 884 4817 sit,
904 4739 1000 4804 facile
1020 4735 1136 4820 aliquis
1156 4738 1295 4800 haereat.

67 4863 328 4941 ††)1unostro
353 4856 501 4922 Latinum
523 4880 543 4938 y
563 4858 656 4938 plane
678 4843 743 4918 nori
763 4863 876 4918 exstat.
917 4849 998 4914 Eius
1018 4849 1094 4912 loco
1116 4846 1166 4911 rel
1188 4846 1199 4909 i
1222 4847 1272 4910 vel
1292 4867 1312 4910 v
1332 4846 1364 4911 iu
1386 4867 1474 4911 usum
1497 4857 1644 4910 vocatur.
1783 4943 1784 4946 Ἴ

30 4977 128 5051 †††)
155 4973 202 5036 Ita
223 4971 311 5052 lego.
354 4969 437 5032 Nam
458 4965 513 5028 vix
533 4962 712 5030 Matthaeio
733 4963 827 5026 fidem
847 4959 1028 5036 habuerim,
1047 4960 1080 5024 in
1101 4957 1322 5024 Boerueriano
1344 4955 1493 5020 Latinum
1515 4979 1535 5035 y
1555 4967 1704 5058 exstare,

27 5085 152 5160 ††††)
164 5079 313 5162 Inprimis
333 5077 365 5141 iu
386 5073 568 5158 posteriore
588 5073 666 5140 libri
684 5075 783 5158 Saug.
804 5084 895 5153 parte
913 5075 977 5135 hoc
997 5069 1120 5151 saepius
1141 5069 1236 5133 redit.
