4802 6062
940 1185 1037 1262 cr
1062 1184 1109 1262 P.
1158 1185 1191 1261 ι.
1315 1296 1319 1302 ¹

600 1383 1029 1466 numanis
1067 1383 1528 1466 conslmum.

919 1623 1191 1640 *—

961 1829 1048 1928 ,ι
1091 1832 1123 1900 1.

153 1957 275 2044 Quum
300 1971 378 2024 ante
404 1951 472 2023 hos
499 1970 567 2022 tres
593 1975 703 2022 annos
727 1950 867 2036 Turici,
893 1949 1006 2050 patria
1031 1949 1230 2022 dulcissima
1255 1950 1393 2032 relicta,
1418 1949 1540 2021 sedem
1564 1947 1848 2034 collocavissem,
1873 1949 1929 2021 Io.
1959 1949 2063 2045 Cosp.

53 2073 184 2160 Orelli,
222 2073 355 2170 collega
388 2059 646 2157 amicissimus,
666 2069 790 2171 primis
819 2069 934 2143 statim
965 2071 1088 2142 diebus
1119 2097 1163 2142 ex
1193 2097 1249 2142 me
1283 2071 1469 2169 quaesivit,
1507 2069 1593 2168 quid
1627 2070 1672 2142 de
1703 2070 1827 2143 codice
1855 2071 2065 2167 sangallensi

49 2194 316 2292 evangeliorum
341 2219 407 2292 ego
433 2192 683 2278 existimarem,
709 2192 809 2264 cuius
834 2191 1108 2296 ipsevariarum
1132 2191 1326 2265 lectionum
1351 2193 1531 2293 specimen
1555 2190 1592 2261 in
1616 2191 1709 2263 libro
1737 2189 1908 2266 Ciceronis
1937 2189 2067 2262 Orator

48 2315 188 2388 Brutus
226 2313 362 2414 Topica
386 2334 460 2385 cet.
496 2334 575 2385 ante
610 2312 792 2386 biennium
826 2312 895 2384 lere
929 2313 1197 2412 proposuisset?
1232 2319 1307 2412 Ego
1336 2314 1489 2386 haerere.
1549 2311 1715 2385 Nondum
1745 2312 1839 2383 enirn
1871 2311 1909 2381 in
1941 2337 2064 2382 manus

17 2439 195 2535 l,venerat
218 2436 277 2507 ille
302 2436 409 2522 liber,
444 2433 543 2533 quod
568 2461 634 2535 per
658 2453 832 2509 extremos
856 2433 1066 2534 philologici
1090 2435 1244 2507 muneris
1268 2435 1306 2506 in
1330 2434 1442 2537 patria
1467 2459 1577 2506 annos
1602 2432 1723 2505 Latina
1748 2431 1896 2502 maxime
1923 2429 2064 2502 Cicero-

17 2558 135 2638 ,·'nem
161 2557 231 2627 sere
257 2581 331 2628 non
356 2554 565 2652 attigeram*
597 2556 821 2629 Recordabar
853 2555 1020 2653 quidem,
1058 2557 1097 2627 in
1121 2555 1276 2630 Scholzii
1295 2561 1395 2631 Novo
1419 2560 1644 2629 Testamento
1678 2551 1811 2626 codicis
1836 2551 2063 2649 sangallensis

48 2679 271 2750 mentionem
297 2703 370 2749 esse
396 2676 540 2764 iactam,
575 2697 718 2752 atvero
744 2697 815 2750 tam
838 2681 981 2751 brevem
1006 2699 1147 2776 tamque
1168 2679 1328 2764 inanem,
1365 2699 1406 2750 ut
1430 2703 1497 2750 nec
1522 2676 1567 2748 de
1593 2675 1734 2773 ingenio
1759 2699 1826 2745 nec
1852 2672 1896 2743 de
1922 2674 2062 2745 fortuna

47 2799 156 2869 huius
191 2798 271 2869 libri
296 2796 490 2869 accuratius
522 2797 669 2869 iudicari
700 2819 830 2899 posset.
880 2805 1002 2897 Itaque
1034 2799 1124 2870 nihil
1155 2799 1402 2899 properantius
1434 2799 1576 2886 habui,
1591 2813 1704 2896 ‘quam
1728 2816 1769 2868 ut
1794 2795 1837 2868 ad
1863 2795 1966 2866 amici
1991 2795 2061 2866 mei

48 2918 256 3018 epistolam,
272 2917 509 2990 suavissimam
524 2917 629 2990 simul
647 2937 682 2989 et
694 2911 895 2991 reconditae
909 2917 1117 2992 eruditionis
1128 2920 1284 3019 plenam,
1302 2947 1407 3019 quam
1424 2918 1577 2992 calendis
1593 2920 1736 2992 Octobr.
1754 2943 1784 2990 a.
1800 2917 2060 2988 MDCCCXXX

46 3039 92 3108 ad
119 3038 259 3108 Clarum
283 3037 498 3134 Madvigium
524 3039 685 3121 dederat,
712 3039 912 3113 advolarem
937 3042 1075 3140 etquid
1093 3041 1368 3154 ibidecodiee,
1392 3067 1498 3140 quem
1518 3040 1591 3112 iarn
1607 3028 1895 3124 mansuetans,
1922 3035 2057 3118 lector,

47 3159 198 3232 relatum
223 3182 332 3249 esset,
358 3161 609 3260 perquirerem.

146 3396 225 3492 Non
250 3418 330 3490 satis
354 3419 458 3517 potui
482 3417 618 3508 mirari,
653 3421 740 3518 quid
773 3443 882 3508 esset,
919 3303 1027 3520 quod·
1052 3423 1096 3494 de
1125 3423 1198 3496 hoc
1228 3425 1320 3497 libro
1351 3445 1422 3496 tam
1447 3423 1556 3495 altum
1581 3421 1698 3530 adhuc
1723 3413 1843 3494 fuisset
1867 3419 2054 3490 silentium.

18 3537 225 3626 xLaudabat
263 3537 412 3614 Orellms
449 3566 548 3612 meus
584 3541 787 3613 comitatem
824 3559 860 3613 et
895 3541 1150 3615 humanitatem
1186 3541 1518 3617 desideratissimam
1555 3515 1788 3640 bibliothecae
1829 3537 2056 3649 sangallensis

44 3656 231 3759 praelecti3
268 3680 385 3733 tamen
420 3687 504 3735 vero
538 3661 719 3736 Scholzios
752 3667 983 3750 asseverabat,
1021 3689 1058 3736 se
1092 3663 1174 3736 libri
1200 3663 1315 3738 haias
1351 3663 1577 3739 collationem
1610 3689 1686 3737 non
1722 3659 1880 3762 potuisse
1914 3644 2053 3730 habere.

44 3785 166 3877 Itaque
200 3779 386 3874 consilium
418 3783 516 3884 cepi,
550 3783 664 3882 prima
697 3785 882 3858 occasione
915 3785 1030 3858 oblata
1063 3784 1289 3887 experiundi,
1322 3787 1407 3885 quid
1441 3785 1486 3859 de
1518 3805 1597 3860 toto
1630 3786 1725 3858 libro
1754 3781 1831 3856 fieri
1862 3801 1982 3884 posset
2015 3807 2054 3852 ao

44 3901 194 3973 deberet.
241 3902 432 4000 sperabam
456 3923 533 3974 tum
559 3905 723 4003 quidem,
756 3932 829 4004 per¹
854 3905 955 3979 ferias
987 3907 1521 3981 aestivasa.MDCCCXXX111
1546 3907 1659 3980 otium
1683 3903 1772 3978 mihi
1796 3905 1876 3978 lere·
1897 3902 2056 3986 itineris,

44 4021 142 4122 quod
168 4021 211 4093 ad
241 4021 490 4099 bibliothecam
515 4027 770 4124 sangallensem
795 4052 890 4100 eram
915 4027 1123 4101 directurus.
1173 4028 1262 4117 Sed,
1288 4049 1480 4129 anteaquam
1500 4027 1595 4130 ipsae
1622 4028 1727 4100 l'e'riae
1752 4025 1931 4111 adessent,
1959 4024 2051 4123 gravi

43 4147 169 4218 morbo
194 4143 349 4216 deiectus
374 4171 471 4230 sum,
497 4147 559 4242 qui
583 4174 649 4248 per
673 4149 803 4221 multos
828 4175 964 4222 menses
989 4175 1047 4221 me
1071 4149 1119 4222 ita
1144 4147 1313 4239 detinuit,
1347 4171 1387 4224 ut
1412 4151 1469 4225 vix
1493 4150 1595 4223 solita
1620 4147 1739 4221 munia
1764 4145 1883 4232 obire,
1917 4145 2051 4218 nedum

42 4288 154 4338 novos
178 4264 315 4336 labores
340 4265 496 4366 recipere
521 4267 559 4339 in
583 4296 640 4341 me
665 4295 817 4370 possem.
868 4270 1027 4344 Tandem
1051 4291 1135 4373 post
1158 4297 1294 4345 annum
1314 4271 1382 4345 lter
1396 4271 1491 4345 illud‘
1503 4269 1713 4373 comparavi.
1764 4267 1831 4340 Sed
1849 4267 1954 4341 etiam
1976 4285 2081 4338 tum.

42 4383 207 4458 valetudo
233 4385 354 4459 afflicta
378 4388 585 4489 impedivit,
622 4391 811 4489 quominus
836 4396 959 4465 urbem
983 4393 1100 4466 Sancti
1124 4393 1222 4467 Galli
1242 4394 1457 4492 attingerem.
1506 4397 1641 4466 Tamen
1664 4417 1739 4466 non
1765 4385 1893 4489 quievi
1944 4387 2049 4487 Apud

43 4507 197 4579 animum
221 4533 340 4580 meum
365 4511 533 4584 constitui
558 4513 729 4613 experiri,
766 4540 885 4587 annon
909 4514 1049 4612 asseqni
1069 4539 1234 4616 possem,
1272 4536 1313 4588 ut
1336 4515 1426 4586 mihi
1449 4515 1508 4588 ille
1533 4515 1623 4586 liber
1646 4513 1814 4586 Turicum
1842 4511 2048 4584 mitteretur.

42 4633 93 4702 Ex
127 4627 245 4702 multis
279 4631 376 4702 annis
405 4623 491 4730 lege
515 4635 609 4734 apud
634 4635 882 4731 sangallenses
901 4637 1074 4720 sancitum
1103 4657 1182 4720 est,
1209 4663 1256 4711 ne
1288 4657 1384 4740 extra
1412 4637 1524 4711 aedes
1547 4635 1781 4710 bibliothecae
1809 4633 1907 4706 ullus
1934 4634 2050 4708 codex

42 4737 295 4852 manuscriptus
320 4749 513 4841 emittatur,
550 4755 648 4854 quod
673 4756 793 4856 plures
817 4753 898 4830 libri
913 4757 1139 4833 'venerandae
1162 4759 1376 4858 antiquitatis
1410 4785 1517 4834 manu
1541 4758 1691 4842 exarati,
1726 4755 1932 4831 doctissimo
1964 4753 2051 4831 Ger·

42 4871 132 4944 herto
156 4872 390 4961 commodati,
424 4873 590 4951 incendio
616 4868 702 4952 olim
716 4883 794 4964 san
818 4879 976 4954 Blaeiano
1000 4881 1189 4981 petierent.
1238 4885 1372 4956 Tamen
1396 4881 1669 4956 humanissimus
1701 4877 1933 4954 bibliothecae
1965 4879 2050 4948 sau·

41 4991 198 5090 gallensis
221 4995 435 5094 praefectus,
470 4999 678 5072 reverendus
703 5001 748 5075 A.
775 5000 951 5077 Fuchse'trs
983 5000 1269 5106 intercessionem
1292 5029 1392 5078 suam
1415 5003 1598 5106 promisit3
1630 5027 1754 5106 preces
1778 5025 1872 5076 meas
1900 4992 2050 5074 stellam

1516 5131 1572 5206 ,.
