4764 6076
346 493 452 558 xxx
880 436 884 446 ³
963 475 965 482 ·
1173 429 1536 542 rnonnoonnena

543 653 707 756 Q‘uatuor
730 653 874 760 priora,
896 653 985 755 quae
1004 653 1070 728 'hic
1094 654 1296 756 posuimus,
1321 651 1497 724 scribendi
1523 649 1735 749 compendia
1760 645 1798 719 in
1823 643 1865 719 iis
1892 646 2058 720 codicum
2073 646 2307 719 boemeriani
2333 666 2359 715 et

444 785 672 886 sangallensis
697 784 785 857 locis
812 780 949 865 addita,
990 779 1027 848 in
1062 778 1187 876 quibus
1213 767 1317 849 verba
1350 771 1513 845 hebraica
1539 791 1747 856 occurrunt,
1788 767 1842 842 bis
1868 768 2003 842 adiecta
2027 768 2188 841 versione
2213 767 2358 840 Graeca

445 912 618 1005 Quintum
642 906 731 979 illud
759 922 943 984 contextus
967 918 1210 997 argumentum
1235 894 1378 966 indicat.

1280 1031 1313 1130 §.
1351 1034 1410 1124 74.

347 1157 577 1263 ENNOMlV.
629 1180 744 1254 Semel
777 1197 911 1250 tantum
944 1175 981 1245 in
1012 1171 1223 1270 sangallensi
1249 1167 1331 1244 vidi.
1394 1167 1582 1240 Adiectum
1607 1185 1659 1238 est
1684 1165 1717 1238 ei
1740 1165 1823 1238 loco
1850 1192 1922 1264 quo
1948 1165 2143 1238 Matthaeus
2169 1189 2360 1236 munerat

446 1307 554 1403 magis
581 1303 720 1376 Christo
747 1300 861 1382 oblata
887 1273 1010 1368 relect.¹
1050 1301 1128 1391 Pag.
1157 1292 1214 1384 24.
1240 1295 1331 1363 Tota
1357 1289 1542 1387 antiquitas
1567 1290 1605 1360 in
1630 1289 1779 1362 quenci
1798 1291 1862 1362 illo
1888 1289 2113 1374 concinebat:

579 1427 694 1506 Thus,
721 1449 861 1508 aurum,
887 1419 1067 1519 myrrham
1092 1415 1234 1515 regique
1259 1413 1468 1512 hominique
1495 1414 1634 1510 deoque

580 1555 679 1622 Dona
702 1549 827 1618 ferunt.
852 1591 901 1604 -
920 1544 970 1613 Cf.
989 1539 1127 1613 Hilarii
1141 1565 1280 1610 cannen
1293 1537 1383 1609 libro
1401 1558 1524 1610 nostro
1541 1535 1734 1634 praefixum
1752 1562 1783 1610 v.
1802 1536 1861 1608 22.
1889 1542 1976 1635 ‚Ipse
1997 1535 2142 1611 Grotius
2157 1536 2360 1622 ἇλληγορὶω

446 1675 551 1746 huius
576 1670 647 1743 loci
672 1694 745 1739 non
769 1668 874 1768 plane
901 1665 1044 1765 respuit.
2285 1755 2289 1762 Ι

248 1765 254 1782 .
348 1798 441 1873 add).
458 1801 493 1896 ᾇ.
544 1796 657 1866 Etiam
681 1792 769 1863 haec
795 1817 864 1862 vox
890 1787 1084 1859 abbreviata
1109 1785 1219 1857 semel
1244 1804 1381 1856 tantum
1408 1779 1502 1882 apud
1528 1802 1690 1854 nostrum
1714 1809 1792 1882 pag.
1819 1782 1868 1855 79
1902 1802 2020 1855 exstat.
2081 1780 2178 1873 Quid
2207 1781 2308 1852 adol
2325 1780 2360 1850 sit

426 1947 517 1992 ‘non
543 1936 660 2022 potest
686 1911 851 2002 dubitari;
877 1909 920 1982 ad
946 1937 1023 2010 pag.
1042 1911 1107 1995 78,
1134 1908 1194 1979 lin.
1214 1908 1260 1977 20
1286 1907 1434 1980 relatum
1458 1935 1633 1980 νεανισκον
1659 1905 1948 2003 (adolescentem)
1967 1922 2111 2003 spectat.
2163 1901 2360 1994 Quomodo

444 2049 469 2140 q
508 2039 701 2143 explicem,
744 2037 884 2108 haereo.
949 2031 1109 2104 Coniicio
1141 2031 1291 2129 qur'dnm
1322 2030 1511 2128 legendum
1536 2058 1625 2117 esse,
1668 2049 1708 2100 ut
1732 2048 1977 2126 argumentum
2003 2045 2188 2100 contextus
2215 2023 2361 2097 vocibus

446 2161 648 2235 adolescens
673 2159 820 2258 <partilem
846 2157 1069 2255 significetur.

349 2287 420 2358 ad?
455 2291 533 2358 Hoc
557 2284 610 2356 bis
638 2283 709 2374 224
735 2302 770 2353 et
796 2281 867 2352 562
894 2278 1018 2378 reperi.
1071 2278 1286 2352 Aduerbium
1312 2276 1463 2377 explico.

284 2467 291 2478 ·
1287 2413 1320 2514 §.
1358 2415 1415 2488 75.

350 2551 432 2622 duo.
463 2575 540 2649 pag.
569 2547 659 2631 255,
689 2545 779 2631 265,
807 2543 898 2626 582,
925 2541 995 2611 588
1020 2540 1058 2610 in
1082 2539 1243 2612 Boemer.
1271 2537 1331 2608 sol.
1359 2540 1382 2609 8
1410 2566 1442 2610 v.
1469 2540 1528 2611 fol.
1556 2537 1603 2612 85
1626 2567 1662 2612 «ν.
1690 2540 1784 2640 (bis).

349 2678 450 2756 ΠΕ,
485 2697 562 2769 pag.
590 2671 672 2738 515.

548 2795 668 2882 Quum
695 2809 766 2859 tam
792 2787 828 2857 in
854 2786 965 2859 nostri
990 2813 1096 2884 quam
1121 2785 1158 2854 in
1170 2783 1392 2856 Boerneriani
1418 2785 1571 2883 margine
1598 2784 1797 2886 saepissime
1823 2783 1942 2855 literae
1958 2786 2111 2858 Graecae
2129 2801 2165 2852 et
2183 2787 2362 2853 Romanae

449 2913 727 2996 confundantur,
754 2936 827 2982 non
854 2909 996 2996 dubito,
1025 2909 1108 3006 quin
1136 2889 1347 2979 A'YB'idem
1373 2907 1561 3005 significet,
1589 2908 1687 3006 quod
1715 2909 1803 2982 dua
1865 2909 1983 2976 Unum
2010 2925 2142 2975 tantum
2162 2903 2236 2976 hoc
2260 2903 2363 2974 inter-

449 3021 521 3106 esse
547 3035 703 3114 videtur,
746 3032 842 3130 quod
870 3032 981 3102 scriba
1006 3031 1114 3101 literis
1141 3029 1329 3102 maioribus
1354 3057 1520 3126 magnum
1545 3029 1689 3128 aliquod
1715 3030 1970 3127 significaturus
1996 3048 2078 3099 erat
2130 3031 2172 3096 In
2199 3023 2363 3098 omnibus

447 3156 553 3240 locis,
582 3181 669 3250 quae
697 3143 859 3226 adnotata
884 3174 981 3240 sunt,
1007 3155 1063 3225 vel
1089 3153 1209 3224 Latina
1234 3151 1348 3225 versio
1376 3179 1457 3222 cum
1483 3157 1620 3224 Graeco
1645 3171 1793 3250 pugnat,
1820 3151 1875 3223 vel
1899 3149 2047 3248 intelligi
2072 3149 2194 3220 saltem
2220 3149 2362 3250 nequit,

345 3361 347 3368 Ι
450 3298 563 3348 utram
588 3277 777 3348 lectionem
792 3281 962 3349 Graecam
979 3275 1120 3346 Latinus
1146 3275 1317 3373 interpres
1343 3275 1521 3374 amplexus
1548 3274 1662 3346 fuerit.
1714 3278 1830 3368 Quare
1857 3271 2122 3345 haesitationem
2147 3269 2191 3340 de
2215 3270 2363 3342 'veritate

448 3399 609 3471 lectionis
635 3399 680 3468 ita
707 3397 856 3496 exprimi
882 3397 1052 3468 existimo.
1104 3397 1254 3469 Maiores
1279 3397 1398 3469 literae
1425 3397 1462 3467 in
1487 3399 1555 3468 fine
1574 3402 1690 3482 Lucae
1713 3396 1847 3496 positae
1872 3392 2063 3468 ostendunt
2085 3391 2363 3487 magnitudinem

448 3519 691 3605 dubitationis,
719 3546 829 3617 quum
853 3519 901 3589 ibi
928 3520 971 3589 ‹le
997 3519 1141 3591 veritate
1168 3547 1329 3628 ascensus
1355 3520 1482 3592 Christi
1509 3521 1545 3590 in
1572 3521 1712 3592 eoelum
1738 3540 1842 3592 testes
1866 3543 1940 3590 non
1966 3513 2196 3588 consentiant.

349 3658 532 3728 astdiscos.
585 3663 683 3726 Hanc
717 3682 842 3728 vocem
875 3656 982 3726 semel
1017 3655 1132 3756 reperi
1160 3656 1197 3726 in
1230 3684 1308 3756 pag.
1341 3659 1421 3728 500.
1455 3641 1537 3728 'Ad
1564 3677 1715 3752 quatuor
1743 3655 1851 3727 lineas
1876 3652 2008 3726 ibidem
2045 3654 2096 3758 .)“(
2125 3649 2295 3723 additum
2309 3673 2362 3724 est

452 3801 681 3872 Notissimum
706 3802 858 3897 signum,
898 3827 970 3902 quo
996 3803 1130 3900 primus
1156 3803 1322 3900 Origenes
1348 3802 1390 3874 ad
1417 3799 1641 3899 significanda
1667 3827 1707 3872 ea
1732 3805 1833 3873 LXX
1856 3801 1936 3873 loca
1960 3825 2043 3872 usus
2069 3818 2138 3884 est,
2174 3825 2291 3896 quae,
2333 3801 2363 3868 in

449 3944 547 3995 textu
573 3923 718 4020 quidem
743 3923 876 4020 vulgari
899 3949 973 3995 non
1000 3945 1149 4023 reperta,
1176 3924 1378 4024 recipienda
1401 3923 1614 3995 viderentur.

1281 4047 1318 4136 S.
1355 4045 1413 4118 76.

313 4191 318 4198 ·
345 4169 469 4242 Boetir'.
536 4174 665 4252 Nem0‚
705 4167 849 4267 opinor,
889 4165 1060 4240 dubitabit
1094 4168 1138 4239 de
1173 4195 1217 4240 eo
1252 4168 1314 4266 qui
1346 4167 1406 4268 hic
1437 4167 1685 4266 intelligendus
1717 4169 1761 4239 sit
1794 4170 1927 4242 Boetio.
1979 4175 2135 4266 Namque
2161 4195 2228 4272 per
2257 4191 2365 4244 totam

443 4291 596 4361 mediant
620 4310 768 4360 aetatem
793 4290 830 4360 in
857 4291 1017 4361 omnium
1042 4292 1151 4363 ferme
1178 4290 1399 4362 eruditorum
1425 4292 1583 4364 manibus
1608 4294 1809 4364 versabatur
1825 4293 1870 4376 is,
1897 4318 2002 4391 quem
2019 4289 2273 4365 Theodericus
2294 4321 2364 4376 rex,

445 4439 556 4510 quum
582 4413 697 4482 adhuc
731 4411 805 4484 eius
837 4413 988 4484 amicitia
1022 4433 1196 4498 uteretur,
1234 4411 1281 4482 ita
1315 4413 1486 4486 allocutus
1521 4434 1594 4484 este
1626 4413 1706 4498 „sic
1731 4413 1998 4486 Atheniensium
2023 4414 2162 4485 scholas
2185 4414 2362 4498 introisti,

443 4531 707 4630 sicpalliorum
734 4533 852 4605 choris
874 4533 1044 4604 miscuisti
1068 4554 1205 4630 togam,
1231 4554 1271 4605 ut
1286 4538 1504 4608 Graecorum
1522 4535 1684 4632 dogmata
1702 4534 1899 4608 doctrinam
1926 4535 2047 4608 feceris
2065 4560 2137 4608 esse
2155 4541 2364 4610 Romanam.

440 4651 600 4726 Didicisti
627 4656 735 4735 enim,
776 4682 845 4753 qua
869 4654 1109 4754 profunditate
1137 4681 1218 4729 cum
1243 4656 1313 4726 suis
1345 4657 1502 4756 partibus
1525 4657 1737 4756 speculativa
1762 4657 1951 4754 cogitetur,
1993 4685 2062 4755 qua
2088 4657 2224 4748 ratione
2254 4661 2364 4730 actim

442 4800 523 4843 cum
549 4799 610 4844 sua
637 4775 808 4847 divisione
836 4776 1004 4861 discatur,
1043 4774 1220 4848 deducens
1247 4776 1290 4848 ad
1316 4778 1509 4850 Romuleos
1541 4801 1735 4861 senatores,
1771 4777 1942 4876 quicquid
1972 4777 2188 4878 Cecropidae
2223 4779 2363 4852 mundo

440 4896 593 4966 fecerant
605 4896 787 4993 singulare.
830 4898 1129 4971 Translationibus
1149 4898 1242 4969 enirn
1262 4899 1330 4970 tuis
1349 4900 1560 4999 Pythagoras
1577 4901 1740 4983 musicus,
1760 4900 1978 4978 Ptolemaeus
1999 4920 2220 4974 astronomus
2239 4899 2363 4998 legun-

439 5036 495 5085 tur
516 5016 603 5086 Itali.
655 5017 890 5124 Nicomachus
910 5019 1172 5110 arithmeticus,
1198 5021 1431 5120 geometricus
1455 5025 1620 5096 Euclides
1641 5021 1831 5096 audiuntur
1848 4999 2006 5096 Ausonii.
2041 5021 2140 5096 Plato
2158 5019 2362 5120 theologus,

439 5137 645 5210 Aristoteles
664 5138 799 5236 logicus
817 5140 990 5234 Quirinali
1014 5141 1101 5218 'voce
1122 5143 1328 5246 disceptant.
1381 5145 1628 5220 Mechanicum
1648 5142 1751 5220 etiarn
1771 5143 2022 5220 Archimedem
2041 5141 2363 5217 tanatemsieulis
