<?xml version="1.0" encoding="UTF-8"?>
<!DOCTYPE html PUBLIC "-//W3C//DTD XHTML 1.0 Transitional//EN"
    "http://www.w3.org/TR/xhtml1/DTD/xhtml1-transitional.dtd">
<html xmlns="http://www.w3.org/1999/xhtml" xml:lang="en" lang="en">
 <head>
  <title>
</title>
<meta http-equiv="Content-Type" content="text/html;charset=utf-8" />
  <meta name='ocr-system' content='tesseract 3.04.00' />
  <meta name='ocr-capabilities' content='ocr_page ocr_carea ocr_par ocr_line ocrx_word'/>
</head>
<body>
  <div class='ocr_page' id='page_1' title='image "./antiquissimusqu00gallgoog_0050.png"; bbox 0 0 4764 6076; ppageno 0'>
   <div class='ocr_carea' id='block_1_1' title="bbox 208 397 2027 718">
    <p class='ocr_par' dir='ltr' id='par_1_1' title="bbox 208 397 2027 718">
     <span class='ocr_line' id='line_1_1' title="bbox 208 397 2027 520; baseline 0.007 -14"><span class='ocrx_word' id='word_1_1' title='bbox 208 441 272 506; x_wconf 85' lang='lat' dir='ltr'><strong>DE</strong></span> <span class='ocrx_word' id='word_1_2' title='bbox 297 441 435 506; x_wconf 76' lang='lat' dir='ltr'><strong>ttotts</strong></span> <span class='ocrx_word' id='word_1_3' title='bbox 457 397 778 508; x_wconf 76' lang='lat' dir='ltr'><strong>atANUscmPTl</strong></span> <span class='ocrx_word' id='word_1_4' title='bbox 799 441 1150 507; x_wconf 78' lang='lat' dir='ltr'><strong>SANGALLENSIS</strong></span> <span class='ocrx_word' id='word_1_5' title='bbox 1169 440 1533 509; x_wconf 76' lang='lat' dir='ltr'><strong>MARGINALIBUS.</strong></span> <span class='ocrx_word' id='word_1_6' title='bbox 1576 441 1682 510; x_wconf 82' lang='lat' dir='ltr'><strong>CAP.</strong></span> <span class='ocrx_word' id='word_1_7' title='bbox 1702 447 1762 509; x_wconf 92' lang='lat' dir='ltr'><strong>Vl.</strong></span> <span class='ocrx_word' id='word_1_8' title='bbox 1850 451 2027 520; x_wconf 85' lang='lat' dir='ltr'><strong>XXXVlI</strong></span> 
     </span>
     <span class='ocr_line' id='line_1_2' title="bbox 960 620 1090 718; baseline -0.017 -27"><span class='ocrx_word' id='word_1_9' title='bbox 960 620 1090 718; x_wconf 82' lang='lat'><strong>§.91</strong></span> 
     </span>
    </p>
   </div>
   <div class='ocr_carea' id='block_1_2' title="bbox 17 792 2118 3312">
    <p class='ocr_par' dir='ltr' id='par_1_2' title="bbox 17 792 2118 2348">
     <span class='ocr_line' id='line_1_3' title="bbox 117 792 2025 934; baseline 0.004 -68"><span class='ocrx_word' id='word_1_10' title='bbox 117 801 153 866; x_wconf 90' lang='lat' dir='ltr'><strong>B.</strong></span> <span class='ocrx_word' id='word_1_11' title='bbox 204 792 325 871; x_wconf 87' lang='lat' dir='ltr'><strong>Notae</strong></span> <span class='ocrx_word' id='word_1_12' title='bbox 351 794 580 890; x_wconf 74' lang='lat' dir='ltr'><em>marginales,</em></span> <span class='ocrx_word' id='word_1_13' title='bbox 621 821 710 894; x_wconf 83' lang='lat' dir='ltr'><strong>quae</strong></span> <span class='ocrx_word' id='word_1_14' title='bbox 737 797 861 894; x_wconf 59' lang='lat' dir='ltr'><strong>uirique</strong></span> <span class='ocrx_word' id='word_1_15' title='bbox 888 795 993 868; x_wconf 76' lang='lat' dir='ltr'><strong>literis</strong></span> <span class='ocrx_word' id='word_1_16' title='bbox 1011 797 1072 869; x_wconf 84' lang='lat' dir='ltr'><strong>ael</strong></span> <span class='ocrx_word' id='word_1_17' title='bbox 1086 796 1235 890; x_wconf 84' lang='lat' dir='ltr'><strong>singulis</strong></span> <span class='ocrx_word' id='word_1_18' title='bbox 1258 793 1319 866; x_wconf 85' lang='lat' dir='ltr'><strong>ael</strong></span> <span class='ocrx_word' id='word_1_19' title='bbox 1336 795 1425 866; x_wconf 67' lang='lat' dir='ltr'><strong>bina</strong></span> <span class='ocrx_word' id='word_1_20' title='bbox 1447 796 1710 934; x_wconf 76' lang='lat' dir='ltr'><strong>erprinuentur,</strong></span> <span class='ocrx_word' id='word_1_21' title='bbox 1743 827 1924 918; x_wconf 75' lang='lat' dir='ltr'><strong>nunquam¹</strong></span> <span class='ocrx_word' id='word_1_22' title='bbox 1945 835 2025 882; x_wconf 78' lang='lat' dir='ltr'><strong>aero</strong></span> 
     </span>
     <span class='ocr_line' id='line_1_4' title="bbox 17 913 2025 1052; baseline 0.004 -66"><span class='ocrx_word' id='word_1_23' title='bbox 17 913 172 1018; x_wconf 63' lang='lat' dir='ltr'><strong>syllabis</strong></span> <span class='ocrx_word' id='word_1_24' title='bbox 191 917 361 1052; x_wconf 58' lang='lat' dir='ltr'><strong>perfecta.</strong></span> <span class='ocrx_word' id='word_1_25' title='bbox 413 915 516 994; x_wconf 86' lang='lat' dir='ltr'><strong>Haud</strong></span> <span class='ocrx_word' id='word_1_26' title='bbox 547 917 689 1018; x_wconf 84' lang='lat' dir='ltr'><strong>exiguus</strong></span> <span class='ocrx_word' id='word_1_27' title='bbox 716 944 836 997; x_wconf 88' lang='lat' dir='ltr'><strong>earum</strong></span> <span class='ocrx_word' id='word_1_28' title='bbox 865 941 917 992; x_wconf 87' lang='lat' dir='ltr'><strong>est</strong></span> <span class='ocrx_word' id='word_1_29' title='bbox 941 946 1107 992; x_wconf 87' lang='lat' dir='ltr'><strong>numerus</strong></span> <span class='ocrx_word' id='word_1_30' title='bbox 1136 939 1208 990; x_wconf 90' lang='lat' dir='ltr'><strong>tam</strong></span> <span class='ocrx_word' id='word_1_31' title='bbox 1225 917 1263 988; x_wconf 91' lang='lat' dir='ltr'><strong>iu</strong></span> <span class='ocrx_word' id='word_1_32' title='bbox 1286 936 1414 990; x_wconf 88' lang='lat' dir='ltr'><strong>nostro</strong></span> <span class='ocrx_word' id='word_1_33' title='bbox 1434 943 1540 1014; x_wconf 89' lang='lat' dir='ltr'><strong>quam</strong></span> <span class='ocrx_word' id='word_1_34' title='bbox 1560 915 1598 990; x_wconf 91' lang='lat' dir='ltr'><strong>in</strong></span> <span class='ocrx_word' id='word_1_35' title='bbox 1617 920 1860 997; x_wconf 87' lang='lat' dir='ltr'><strong>Boemeriano.</strong></span> <span class='ocrx_word' id='word_1_36' title='bbox 1911 927 2025 1000; x_wconf 84' lang='lat' dir='ltr'><strong>Etiam</strong></span> 
     </span>
     <span class='ocr_line' id='line_1_5' title="bbox 20 1029 2026 1138; baseline 0.008 -34"><span class='ocrx_word' id='word_1_37' title='bbox 20 1033 147 1116; x_wconf 79' lang='lat' dir='ltr'><strong>harum</strong></span> <span class='ocrx_word' id='word_1_38' title='bbox 170 1057 211 1111; x_wconf 91' lang='lat' dir='ltr'><strong>nt</strong></span> <span class='ocrx_word' id='word_1_39' title='bbox 243 1036 405 1114; x_wconf 84' lang='lat' dir='ltr'><strong>omnium</strong></span> <span class='ocrx_word' id='word_1_40' title='bbox 433 1037 542 1110; x_wconf 81' lang='lat' dir='ltr'><strong>ferme</strong></span> <span class='ocrx_word' id='word_1_41' title='bbox 570 1039 812 1136; x_wconf 76' lang='lat' dir='ltr'>marginalium</span> <span class='ocrx_word' id='word_1_42' title='bbox 845 1029 1077 1138; x_wconf 81' lang='lat' dir='ltr'><strong>aenigmatum</strong></span> <span class='ocrx_word' id='word_1_43' title='bbox 1104 1036 1318 1110; x_wconf 86' lang='lat' dir='ltr'><strong>solutionem</strong></span> <span class='ocrx_word' id='word_1_44' title='bbox 1348 1034 1544 1136; x_wconf 76' lang='lat' dir='ltr'><strong>desperavit</strong></span> <span class='ocrx_word' id='word_1_45' title='bbox 1567 1037 1773 1112; x_wconf 87' lang='lat' dir='ltr'><strong>Matthaeius</strong></span> <span class='ocrx_word' id='word_1_46' title='bbox 1796 1042 1892 1116; x_wconf 89' lang='lat' dir='ltr'><strong>haud</strong></span> <span class='ocrx_word' id='word_1_47' title='bbox 1918 1049 2026 1120; x_wconf 87' lang='lat' dir='ltr'><strong>semel</strong></span> 
     </span>
     <span class='ocr_line' id='line_1_6' title="bbox 18 1154 2027 1257; baseline 0.007 -31"><span class='ocrx_word' id='word_1_48' title='bbox 18 1181 123 1230; x_wconf 86' lang='lat' dir='ltr'><strong>suum</strong></span> <span class='ocrx_word' id='word_1_49' title='bbox 150 1156 257 1240; x_wconf 77' lang='lat' dir='ltr'><strong>illud&#39;,</strong></span> <span class='ocrx_word' id='word_1_50' title='bbox 284 1184 402 1244; x_wconf 88' lang='lat' dir='ltr'><strong>nemo,</strong></span> <span class='ocrx_word' id='word_1_51' title='bbox 428 1159 544 1242; x_wconf 83' lang='lat' dir='ltr'><strong>c‘redo,</strong></span> <span class='ocrx_word' id='word_1_52' title='bbox 569 1161 639 1231; x_wconf 70' lang='lat' dir='ltr'><strong>esta</strong></span> <span class='ocrx_word' id='word_1_53' title='bbox 662 1159 866 1257; x_wconf 75' lang='lat' dir='ltr'><strong>explicabit,</strong></span> <span class='ocrx_word' id='word_1_54' title='bbox 893 1159 1096 1231; x_wconf 83' lang='lat' dir='ltr'><strong>exclamans.</strong></span> <span class='ocrx_word' id='word_1_55' title='bbox 1147 1163 1217 1230; x_wconf 89' lang='lat' dir='ltr'><strong>Nos</strong></span> <span class='ocrx_word' id='word_1_56' title='bbox 1231 1154 1400 1254; x_wconf 87' lang='lat' dir='ltr'><strong>quidem&#39;</strong></span> <span class='ocrx_word' id='word_1_57' title='bbox 1391 1183 1428 1226; x_wconf 89' lang='grc' dir='ltr'><strong>ιιι</strong></span> <span class='ocrx_word' id='word_1_58' title='bbox 1442 1157 1509 1229; x_wconf 92' lang='lat' dir='ltr'><strong>hac</strong></span> <span class='ocrx_word' id='word_1_59' title='bbox 1525 1183 1560 1230; x_wconf 87' lang='lat' dir='ltr'><strong>re</strong></span> <span class='ocrx_word' id='word_1_60' title='bbox 1573 1161 1694 1252; x_wconf 86' lang='lat' dir='ltr'><strong>breves</strong></span> <span class='ocrx_word' id='word_1_61' title='bbox 1712 1162 1851 1238; x_wconf 83' lang='lat' dir='ltr'><strong>erimus.</strong></span> <span class='ocrx_word' id='word_1_62' title='bbox 1899 1167 2027 1240; x_wconf 82' lang='lat' dir='ltr'><strong>Distin-</strong></span> 
     </span>
     <span class='ocr_line' id='line_1_7' title="bbox 19 1275 2026 1381; baseline 0.006 -33"><span class='ocrx_word' id='word_1_63' title='bbox 19 1275 157 1374; x_wconf 86' lang='lat' dir='ltr'><strong>guimns</strong></span> <span class='ocrx_word' id='word_1_64' title='bbox 180 1276 275 1348; x_wconf 89' lang='lat' dir='ltr'><strong>enim</strong></span> <span class='ocrx_word' id='word_1_65' title='bbox 296 1279 452 1366; x_wconf 84' lang='lat' dir='ltr'><strong>notulas,</strong></span> <span class='ocrx_word' id='word_1_66' title='bbox 480 1306 569 1375; x_wconf 91' lang='lat' dir='ltr'><strong>quae</strong></span> <span class='ocrx_word' id='word_1_67' title='bbox 591 1306 662 1353; x_wconf 90' lang='lat' dir='ltr'><strong>una</strong></span> <span class='ocrx_word' id='word_1_68' title='bbox 686 1282 761 1354; x_wconf 85' lang='lat' dir='ltr'><strong>sola</strong></span> <span class='ocrx_word' id='word_1_69' title='bbox 785 1281 885 1353; x_wconf 88' lang='lat' dir='ltr'><strong>litera</strong></span> <span class='ocrx_word' id='word_1_70' title='bbox 908 1279 1167 1379; x_wconf 84' lang='lat' dir='ltr'><strong>exprimuntur,</strong></span> <span class='ocrx_word' id='word_1_71' title='bbox 1195 1297 1345 1372; x_wconf 86' lang='lat' dir='ltr'><strong>et·quae</strong></span> <span class='ocrx_word' id='word_1_72' title='bbox 1372 1275 1542 1375; x_wconf 82' lang='lat' dir='ltr'><strong>pluribus.</strong></span> <span class='ocrx_word' id='word_1_73' title='bbox 1590 1282 1643 1350; x_wconf 50' lang='lat' dir='ltr'><strong>¹De</strong></span> <span class='ocrx_word' id='word_1_74' title='bbox 1661 1279 1838 1381; x_wconf 87' lang='lat' dir='ltr'><strong>plerisque</strong></span> <span class='ocrx_word' id='word_1_75' title='bbox 1861 1286 1954 1358; x_wconf 91' lang='lat' dir='ltr'><strong>enim</strong></span> <span class='ocrx_word' id='word_1_76' title='bbox 1973 1289 2026 1377; x_wconf 89' lang='lat' dir='ltr'><strong>iis,</strong></span> 
     </span>
     <span class='ocr_line' id='line_1_8' title="bbox 19 1391 2118 1495; baseline 0.006 -26"><span class='ocrx_word' id='word_1_77' title='bbox 19 1423 109 1493; x_wconf 89' lang='lat' dir='ltr'><strong>quae</strong></span> <span class='ocrx_word' id='word_1_78' title='bbox 144 1398 288 1495; x_wconf 87' lang='lat' dir='ltr'><strong>singulis</strong></span> <span class='ocrx_word' id='word_1_79' title='bbox 317 1399 425 1471; x_wconf 87' lang='lat' dir='ltr'><strong>literis</strong></span> <span class='ocrx_word' id='word_1_80' title='bbox 458 1419 637 1488; x_wconf 89' lang='lat' dir='ltr'><strong>constant,</strong></span> <span class='ocrx_word' id='word_1_81' title='bbox 679 1401 781 1475; x_wconf 90' lang='lat' dir='ltr'><strong>nobis</strong></span> <span class='ocrx_word' id='word_1_82' title='bbox 807 1403 1039 1474; x_wconf 87' lang='lat' dir='ltr'><strong>certissimum</strong></span> <span class='ocrx_word' id='word_1_83' title='bbox 1071 1419 1136 1485; x_wconf 90' lang='lat' dir='ltr'><strong>est,</strong></span> <span class='ocrx_word' id='word_1_84' title='bbox 1179 1396 1275 1471; x_wconf 90' lang='lat' dir='ltr'><strong>vocis</strong></span> <span class='ocrx_word' id='word_1_85' title='bbox 1306 1395 1343 1466; x_wconf 92' lang='lat' dir='ltr'><strong>in</strong></span> <span class='ocrx_word' id='word_1_86' title='bbox 1374 1396 1525 1493; x_wconf 85' lang='lat' dir='ltr'><strong>legendo</strong></span> <span class='ocrx_word' id='word_1_87' title='bbox 1560 1398 1840 1474; x_wconf 85' lang='lat' dir='ltr'><strong>modulationem</strong></span> <span class='ocrx_word' id='word_1_88' title='bbox 1867 1391 2038 1484; x_wconf 50' lang='lat' dir='ltr'><strong>indicatis</strong></span> <span class='ocrx_word' id='word_1_89' title='bbox 2116 1398 2118 1404; x_wconf 36' lang='lat'><strong><em>¹</em></strong></span> 
     </span>
     <span class='ocr_line' id='line_1_9' title="bbox 17 1516 2027 1618; baseline 0.007 -30"><span class='ocrx_word' id='word_1_90' title='bbox 17 1516 149 1594; x_wconf 85' lang='lat' dir='ltr'><strong>Docuit</strong></span> <span class='ocrx_word' id='word_1_91' title='bbox 170 1543 237 1589; x_wconf 86' lang='lat' dir='ltr'><strong>nos</strong></span> <span class='ocrx_word' id='word_1_92' title='bbox 261 1518 353 1589; x_wconf 90' lang='lat' dir='ltr'><strong>hanc</strong></span> <span class='ocrx_word' id='word_1_93' title='bbox 378 1544 452 1589; x_wconf 87' lang='lat' dir='ltr'><strong>rem</strong></span> <span class='ocrx_word' id='word_1_94' title='bbox 480 1519 642 1616; x_wconf 85' lang='lat' dir='ltr'><strong>magister</strong></span> <span class='ocrx_word' id='word_1_95' title='bbox 667 1519 889 1593; x_wconf 87' lang='lat' dir='ltr'><strong>doctissimus</strong></span> <span class='ocrx_word' id='word_1_96' title='bbox 912 1520 1016 1591; x_wconf 89' lang='lat' dir='ltr'><strong>simul</strong></span> <span class='ocrx_word' id='word_1_97' title='bbox 1043 1517 1373 1616; x_wconf 85' lang='lat' dir='ltr'><strong>etantiquissimus,</strong></span> <span class='ocrx_word' id='word_1_98' title='bbox 1400 1517 1459 1588; x_wconf 90' lang='lat' dir='ltr'><strong>cui</strong></span> <span class='ocrx_word' id='word_1_99' title='bbox 1478 1516 1585 1590; x_wconf 85' lang='lat' dir='ltr'><strong>fidem</strong></span> <span class='ocrx_word' id='word_1_100' title='bbox 1608 1519 1774 1618; x_wconf 81' lang='lat' dir='ltr'><strong>derogare</strong></span> <span class='ocrx_word' id='word_1_101' title='bbox 1798 1550 1873 1598; x_wconf 88' lang='lat' dir='ltr'><strong>non</strong></span> <span class='ocrx_word' id='word_1_102' title='bbox 1896 1529 2027 1615; x_wconf 84' lang='lat' dir='ltr'><strong>audeo,</strong></span> 
     </span>
     <span class='ocr_line' id='line_1_10' title="bbox 18 1633 2057 1751; baseline 0.007 -41"><span class='ocrx_word' id='word_1_103' title='bbox 18 1633 197 1710; x_wconf 80' lang='lat' dir='ltr'><strong>Natlenrs</strong></span> <span class='ocrx_word' id='word_1_104' title='bbox 226 1636 421 1723; x_wconf 63' lang='lat' dir='ltr'><strong>Babulus,</strong></span> <span class='ocrx_word' id='word_1_105' title='bbox 447 1638 563 1710; x_wconf 86' lang='lat' dir='ltr'><strong>Sancti</strong></span> <span class='ocrx_word' id='word_1_106' title='bbox 586 1639 680 1708; x_wconf 89' lang='lat' dir='ltr'><strong>Galli</strong></span> <span class='ocrx_word' id='word_1_107' title='bbox 705 1639 797 1721; x_wconf 87' lang='lat' dir='ltr'><strong>circa</strong></span> <span class='ocrx_word' id='word_1_108' title='bbox 823 1666 953 1711; x_wconf 91' lang='lat' dir='ltr'><strong>annum</strong></span> <span class='ocrx_word' id='word_1_109' title='bbox 977 1642 1121 1712; x_wconf 90' lang='lat' dir='ltr'>DCCCC</span> <span class='ocrx_word' id='word_1_110' title='bbox 1148 1637 1353 1710; x_wconf 90' lang='lat' dir='ltr'><strong>monachus.</strong></span> <span class='ocrx_word' id='word_1_111' title='bbox 1404 1643 1483 1736; x_wconf 90' lang='lat' dir='ltr'><strong>Ipsa</strong></span> <span class='ocrx_word' id='word_1_112' title='bbox 1508 1640 1581 1712; x_wconf 89' lang='lat' dir='ltr'><strong>eius</strong></span> <span class='ocrx_word' id='word_1_113' title='bbox 1606 1644 1710 1718; x_wconf 81' lang='lat' dir='ltr'><strong>verba</strong></span> <span class='ocrx_word' id='word_1_114' title='bbox 1733 1667 1903 1745; x_wconf 87' lang='lat' dir='ltr'><strong>repetam,</strong></span> <span class='ocrx_word' id='word_1_115' title='bbox 1929 1640 2057 1751; x_wconf 72' lang='lat' dir='ltr'><strong>prae-l</strong></span> 
     </span>
     <span class='ocr_line' id='line_1_11' title="bbox 19 1757 2027 1862; baseline 0.008 -34"><span class='ocrx_word' id='word_1_116' title='bbox 19 1782 188 1844; x_wconf 86' lang='lat' dir='ltr'><strong>monens,</strong></span> <span class='ocrx_word' id='word_1_117' title='bbox 213 1757 436 1856; x_wconf 83' lang='lat' dir='ltr'><strong>praelationis</strong></span> <span class='ocrx_word' id='word_1_118' title='bbox 456 1785 583 1832; x_wconf 89' lang='lat' dir='ltr'><strong>vocem</strong></span> <span class='ocrx_word' id='word_1_119' title='bbox 602 1815 624 1848; x_wconf 91' lang='lat'>„</span> <span class='ocrx_word' id='word_1_120' title='bbox 633 1760 873 1833; x_wconf 84' lang='lat' dir='ltr'><strong>cantilenam“</strong></span> <span class='ocrx_word' id='word_1_121' title='bbox 902 1765 944 1832; x_wconf 89' lang='lat' dir='ltr'><strong>ab</strong></span> <span class='ocrx_word' id='word_1_122' title='bbox 965 1759 1127 1834; x_wconf 90' lang='lat' dir='ltr'><strong>omnibus</strong></span> <span class='ocrx_word' id='word_1_123' title='bbox 1145 1757 1277 1844; x_wconf 92' lang='lat' dir='ltr'><strong>adhuc,</strong></span> <span class='ocrx_word' id='word_1_124' title='bbox 1305 1758 1367 1856; x_wconf 90' lang='lat' dir='ltr'><strong>qui</strong></span> <span class='ocrx_word' id='word_1_125' title='bbox 1385 1758 1430 1831; x_wconf 91' lang='lat' dir='ltr'><strong>de</strong></span> <span class='ocrx_word' id='word_1_126' title='bbox 1448 1759 1783 1862; x_wconf 75' lang='lat' dir='ltr'><strong>haeseriptinncula</strong></span> <span class='ocrx_word' id='word_1_127' title='bbox 1803 1793 2027 1860; x_wconf 87' lang='lat' dir='ltr'><strong>monuerunt,</strong></span> 
     </span>
     <span class='ocr_line' id='line_1_12' title="bbox 17 1878 2028 1981; baseline 0.008 -33"><span class='ocrx_word' id='word_1_128' title='bbox 17 1903 207 1978; x_wconf 86' lang='lat' dir='ltr'><strong>perperam</strong></span> <span class='ocrx_word' id='word_1_129' title='bbox 228 1878 276 1950; x_wconf 89' lang='lat' dir='ltr'><strong>ita</strong></span> <span class='ocrx_word' id='word_1_130' title='bbox 298 1905 371 1950; x_wconf 86' lang='lat' dir='ltr'><strong>esse</strong></span> <span class='ocrx_word' id='word_1_131' title='bbox 390 1879 624 1968; x_wconf 89' lang='lat' dir='ltr'><strong>intellectam,</strong></span> <span class='ocrx_word' id='word_1_132' title='bbox 658 1881 757 1978; x_wconf 88' lang='lat' dir='ltr'><strong>quasi</strong></span> <span class='ocrx_word' id='word_1_133' title='bbox 777 1881 898 1954; x_wconf 88' lang='lat' dir='ltr'><strong>literae</strong></span> <span class='ocrx_word' id='word_1_134' title='bbox 925 1881 1128 1981; x_wconf 65' lang='lat' dir='ltr'><strong>alphabeti,</strong></span> <span class='ocrx_word' id='word_1_135' title='bbox 1160 1907 1246 1978; x_wconf 88' lang='lat' dir='ltr'><strong>quas</strong></span> <span class='ocrx_word' id='word_1_136' title='bbox 1265 1881 1436 1962; x_wconf 85' lang='lat' dir='ltr'><strong>Notkerns</strong></span> <span class='ocrx_word' id='word_1_137' title='bbox 1459 1883 1580 1969; x_wconf 80' lang='lat' dir='ltr'><strong>refert,</strong></span> <span class='ocrx_word' id='word_1_138' title='bbox 1606 1910 1725 1956; x_wconf 88' lang='lat' dir='ltr'><strong>earum</strong></span> <span class='ocrx_word' id='word_1_139' title='bbox 1747 1907 1912 1962; x_wconf 89' lang='lat' dir='ltr'><strong>notarum</strong></span> <span class='ocrx_word' id='word_1_140' title='bbox 1935 1892 2028 1965; x_wconf 83' lang='lat' dir='ltr'><strong>vices</strong></span> 
     </span>
     <span class='ocr_line' id='line_1_13' title="bbox 20 1998 2028 2108; baseline 0.008 -38"><span class='ocrx_word' id='word_1_141' title='bbox 20 1998 106 2070; x_wconf 88' lang='lat' dir='ltr'><strong>olim</strong></span> <span class='ocrx_word' id='word_1_142' title='bbox 127 1999 310 2095; x_wconf 81' lang='lat' dir='ltr'><strong>gesserint,</strong></span> <span class='ocrx_word' id='word_1_143' title='bbox 337 1999 463 2095; x_wconf 88' lang='lat' dir='ltr'><strong>quibus</strong></span> <span class='ocrx_word' id='word_1_144' title='bbox 486 2027 582 2086; x_wconf 83' lang='lat' dir='ltr'><strong>nnnc</strong></span> <span class='ocrx_word' id='word_1_145' title='bbox 602 2001 727 2073; x_wconf 90' lang='lat' dir='ltr'><strong>musici</strong></span> <span class='ocrx_word' id='word_1_146' title='bbox 743 2001 891 2075; x_wconf 84' lang='lat' dir='ltr'><strong>utuntur</strong></span> <span class='ocrx_word' id='word_1_147' title='bbox 905 2002 955 2104; x_wconf 72' lang='lat'><strong>*).</strong></span> <span class='ocrx_word' id='word_1_148' title='bbox 1004 2009 1082 2074; x_wconf 86' lang='lat' dir='ltr'><strong>Vox</strong></span> <span class='ocrx_word' id='word_1_149' title='bbox 1103 2003 1197 2074; x_wconf 89' lang='lat' dir='ltr'><strong>enim</strong></span> <span class='ocrx_word' id='word_1_150' title='bbox 1217 2001 1392 2076; x_wconf 81' lang='lat' dir='ltr'><strong>cantilena</strong></span> <span class='ocrx_word' id='word_1_151' title='bbox 1416 2028 1491 2075; x_wconf 87' lang='lat' dir='ltr'><strong>non</strong></span> <span class='ocrx_word' id='word_1_152' title='bbox 1515 2004 1633 2076; x_wconf 88' lang='lat' dir='ltr'><strong>solum</strong></span> <span class='ocrx_word' id='word_1_153' title='bbox 1658 2004 1702 2078; x_wconf 92' lang='lat' dir='ltr'><strong>de</strong></span> <span class='ocrx_word' id='word_1_154' title='bbox 1724 2010 1882 2108; x_wconf 82' lang='lat' dir='ltr'><strong>perlecto</strong></span> <span class='ocrx_word' id='word_1_155' title='bbox 1907 2033 2028 2102; x_wconf 89' lang='lat' dir='ltr'><strong>cantu,</strong></span> 
     </span>
     <span class='ocr_line' id='line_1_14' title="bbox 19 2095 2031 2232; baseline 0.001 -42"><span class='ocrx_word' id='word_1_156' title='bbox 19 2119 80 2190; x_wconf 88' lang='lat' dir='ltr'><strong>sed</strong></span> <span class='ocrx_word' id='word_1_157' title='bbox 107 2119 153 2191; x_wconf 90' lang='lat' dir='ltr'><strong>de</strong></span> <span class='ocrx_word' id='word_1_158' title='bbox 170 2095 339 2217; x_wconf 73' lang='lat' dir='ltr'><strong>iariegata</strong></span> <span class='ocrx_word' id='word_1_159' title='bbox 357 2119 504 2194; x_wconf 89' lang='lat' dir='ltr'><strong>omnino</strong></span> <span class='ocrx_word' id='word_1_160' title='bbox 525 2122 678 2194; x_wconf 87' lang='lat' dir='ltr'><strong>lectione</strong></span> <span class='ocrx_word' id='word_1_161' title='bbox 705 2127 937 2224; x_wconf 86' lang='lat' dir='ltr'><strong>usurpabatur</strong></span> <span class='ocrx_word' id='word_1_162' title='bbox 947 2123 1024 2226; x_wconf 53' lang='lat' dir='ltr'><strong>Vl),</strong></span> <span class='ocrx_word' id='word_1_163' title='bbox 1058 2145 1093 2196; x_wconf 90' lang='lat' dir='ltr'><strong>et</strong></span> <span class='ocrx_word' id='word_1_164' title='bbox 1112 2122 1265 2199; x_wconf 88' lang='lat' dir='ltr'><strong>Notlreri</strong></span> <span class='ocrx_word' id='word_1_165' title='bbox 1282 2122 1517 2223; x_wconf 84' lang='lat' dir='ltr'><strong>expositiones</strong></span> <span class='ocrx_word' id='word_1_166' title='bbox 1538 2125 1715 2226; x_wconf 88' lang='lat' dir='ltr'><strong>produnt,</strong></span> <span class='ocrx_word' id='word_1_167' title='bbox 1736 2129 1849 2226; x_wconf 67' lang='lat' dir='ltr'><strong>,magis</strong></span> <span class='ocrx_word' id='word_1_168' title='bbox 1871 2157 2031 2232; x_wconf 81' lang='lat' dir='ltr'><strong>pronun.</strong></span> 
     </span>
     <span class='ocr_line' id='line_1_15' title="bbox 20 2238 1764 2348; baseline 0.006 -39"><span class='ocrx_word' id='word_1_169' title='bbox 20 2238 204 2311; x_wconf 88' lang='lat' dir='ltr'><strong>tiationem</strong></span> <span class='ocrx_word' id='word_1_170' title='bbox 227 2261 362 2340; x_wconf 88' lang='lat' dir='ltr'><strong>aptam,</strong></span> <span class='ocrx_word' id='word_1_171' title='bbox 388 2255 494 2338; x_wconf 86' lang='lat' dir='ltr'><strong>quam</strong></span> <span class='ocrx_word' id='word_1_172' title='bbox 515 2269 687 2315; x_wconf 90' lang='lat' dir='ltr'><strong>sonorum</strong></span> <span class='ocrx_word' id='word_1_173' title='bbox 707 2245 908 2317; x_wconf 87' lang='lat' dir='ltr'><strong>varietatem</strong></span> <span class='ocrx_word' id='word_1_174' title='bbox 934 2246 1070 2347; x_wconf 88' lang='lat' dir='ltr'><strong>respici.</strong></span> <span class='ocrx_word' id='word_1_175' title='bbox 1122 2244 1299 2321; x_wconf 80' lang='lat' dir='ltr'><strong>Natlrerus</strong></span> <span class='ocrx_word' id='word_1_176' title='bbox 1324 2264 1441 2316; x_wconf 89' lang='lat' dir='ltr'><strong>autem</strong></span> <span class='ocrx_word' id='word_1_177' title='bbox 1463 2243 1510 2314; x_wconf 90' lang='lat' dir='ltr'><strong>ita</strong></span> <span class='ocrx_word' id='word_1_178' title='bbox 1532 2246 1653 2318; x_wconf 87' lang='lat' dir='ltr'><strong>scribit</strong></span> <span class='ocrx_word' id='word_1_179' title='bbox 1662 2246 1764 2348; x_wconf 52' lang='lat' dir='ltr'><strong>Q:</strong></span> 
     </span>
    </p>

    <p class='ocr_par' dir='ltr' id='par_1_3' title="bbox 19 2351 2033 2588">
     <span class='ocr_line' id='line_1_16' title="bbox 129 2351 2033 2466; baseline 0.007 -34"><span class='ocrx_word' id='word_1_180' title='bbox 129 2362 262 2433; x_wconf 75' lang='lat' dir='ltr'><strong>Notlter</strong></span> <span class='ocrx_word' id='word_1_181' title='bbox 279 2365 470 2434; x_wconf 86' lang='lat' dir='ltr'><strong>Lantberto</strong></span> <span class='ocrx_word' id='word_1_182' title='bbox 488 2365 585 2436; x_wconf 81' lang='lat' dir='ltr'><strong>fratri</strong></span> <span class='ocrx_word' id='word_1_183' title='bbox 604 2367 762 2440; x_wconf 85' lang='lat' dir='ltr'><strong>salntem.</strong></span> <span class='ocrx_word' id='word_1_184' title='bbox 813 2367 909 2461; x_wconf 87' lang='lat' dir='ltr'><strong>Quid</strong></span> <span class='ocrx_word' id='word_1_185' title='bbox 929 2369 1083 2465; x_wconf 86' lang='lat' dir='ltr'><strong>singulae</strong></span> <span class='ocrx_word' id='word_1_186' title='bbox 1096 2368 1222 2456; x_wconf 82' lang='lat' dir='ltr'><strong>¹literae</strong></span> <span class='ocrx_word' id='word_1_187' title='bbox 1242 2367 1280 2438; x_wconf 91' lang='lat' dir='ltr'><strong>in</strong></span> <span class='ocrx_word' id='word_1_188' title='bbox 1299 2365 1595 2466; x_wconf 86' lang='lat' dir='ltr'><strong>superscriptione</strong></span> <span class='ocrx_word' id='word_1_189' title='bbox 1614 2369 1809 2464; x_wconf 85' lang='lat' dir='ltr'><strong>significent</strong></span> <span class='ocrx_word' id='word_1_190' title='bbox 1830 2351 2033 2458; x_wconf 78' lang='lat' dir='ltr'><strong>cantilenae,</strong></span> 
     </span>
     <span class='ocr_line' id='line_1_17' title="bbox 19 2484 1107 2588; baseline 0.009 -36"><span class='ocrx_word' id='word_1_191' title='bbox 19 2502 132 2581; x_wconf 90' lang='lat' dir='ltr'><strong>prout</strong></span> <span class='ocrx_word' id='word_1_192' title='bbox 159 2484 280 2582; x_wconf 91' lang='lat' dir='ltr'><strong>potui,</strong></span> <span class='ocrx_word' id='word_1_193' title='bbox 306 2485 402 2555; x_wconf 83' lang='lat' dir='ltr'><strong>iuxta</strong></span> <span class='ocrx_word' id='word_1_194' title='bbox 428 2505 523 2555; x_wconf 92' lang='lat' dir='ltr'><strong>tuam</strong></span> <span class='ocrx_word' id='word_1_195' title='bbox 543 2487 752 2585; x_wconf 87' lang='lat' dir='ltr'><strong>petitionem</strong></span> <span class='ocrx_word' id='word_1_196' title='bbox 773 2489 956 2588; x_wconf 90' lang='lat' dir='ltr'><strong>explanare</strong></span> <span class='ocrx_word' id='word_1_197' title='bbox 979 2490 1107 2563; x_wconf 87' lang='lat' dir='ltr'><strong>curavi.</strong></span> 
     </span>
    </p>

    <p class='ocr_par' dir='ltr' id='par_1_4' title="bbox 75 2603 851 2710">
     <span class='ocr_line' id='line_1_18' title="bbox 75 2603 851 2710; baseline 0.01 -36"><span class='ocrx_word' id='word_1_198' title='bbox 75 2607 118 2674; x_wconf 89' lang='lat' dir='ltr'><strong>A.</strong></span> <span class='ocrx_word' id='word_1_199' title='bbox 171 2607 219 2673; x_wconf 92' lang='lat' dir='ltr'><strong>Ut</strong></span> <span class='ocrx_word' id='word_1_200' title='bbox 243 2603 352 2676; x_wconf 88' lang='lat' dir='ltr'><strong>altius</strong></span> <span class='ocrx_word' id='word_1_201' title='bbox 376 2603 524 2676; x_wconf 82' lang='lat' dir='ltr'><strong>elevetur</strong></span> <span class='ocrx_word' id='word_1_202' title='bbox 545 2607 712 2680; x_wconf 87' lang='lat' dir='ltr'><strong>admonet</strong></span> <span class='ocrx_word' id='word_1_203' title='bbox 732 2607 851 2710; x_wconf 47' lang='lat' dir='ltr'><strong>mi).</strong></span> 
     </span>
    </p>

    <p class='ocr_par' dir='ltr' id='par_1_5' title="bbox 82 2721 2032 2946">
     <span class='ocr_line' id='line_1_19' title="bbox 82 2721 2032 2830; baseline 0.004 -36"><span class='ocrx_word' id='word_1_204' title='bbox 82 2729 119 2796; x_wconf 86' lang='lat' dir='ltr'><strong>B.</strong></span> <span class='ocrx_word' id='word_1_205' title='bbox 173 2724 374 2795; x_wconf 89' lang='lat' dir='ltr'><strong>Secundum</strong></span> <span class='ocrx_word' id='word_1_206' title='bbox 396 2724 512 2798; x_wconf 88' lang='lat' dir='ltr'><strong>literas</strong></span> <span class='ocrx_word' id='word_1_207' title='bbox 534 2721 660 2826; x_wconf 82' lang='lat' dir='ltr'><strong>quibus</strong></span> <span class='ocrx_word' id='word_1_208' title='bbox 683 2729 884 2830; x_wconf 90' lang='lat' dir='ltr'><strong>adiungitur</strong></span> <span class='ocrx_word' id='word_1_209' title='bbox 904 2751 945 2804; x_wconf 91' lang='lat' dir='ltr'><strong>ut</strong></span> <span class='ocrx_word' id='word_1_210' title='bbox 967 2733 1089 2806; x_wconf 78' lang='lat' dir='ltr'><strong>benai</strong></span> <span class='ocrx_word' id='word_1_211' title='bbox 1112 2759 1142 2806; x_wconf 88' lang='lat' dir='ltr'><strong>e.</strong></span> <span class='ocrx_word' id='word_1_212' title='bbox 1166 2733 1316 2805; x_wconf 90' lang='lat' dir='ltr'><strong>multum</strong></span> <span class='ocrx_word' id='word_1_213' title='bbox 1332 2730 1525 2805; x_wconf 78' lang='lat' dir='ltr'><strong>extollatur</strong></span> <span class='ocrx_word' id='word_1_214' title='bbox 1539 2731 1598 2804; x_wconf 85' lang='lat' dir='ltr'><strong>ael</strong></span> <span class='ocrx_word' id='word_1_215' title='bbox 1613 2741 1778 2822; x_wconf 81' lang='lat' dir='ltr'><strong>gravetur</strong></span> <span class='ocrx_word' id='word_1_216' title='bbox 1789 2731 1861 2802; x_wconf 81' lang='lat' dir='ltr'><strong>srire</strong></span> <span class='ocrx_word' id='word_1_217' title='bbox 1879 2743 2032 2804; x_wconf 91' lang='lat' dir='ltr'><strong>teneatur</strong></span> 
     </span>
     <span class='ocr_line' id='line_1_20' title="bbox 169 2845 384 2946; baseline 0.037 -30"><span class='ocrx_word' id='word_1_218' title='bbox 169 2845 318 2942; x_wconf 85' lang='lat' dir='ltr'><strong>belgicat</strong></span> <span class='ocrx_word' id='word_1_219' title='bbox 337 2851 384 2946; x_wconf 88' lang='lat'><strong>†).</strong></span> 
     </span>
    </p>

    <p class='ocr_par' dir='ltr' id='par_1_6' title="bbox 79 2967 947 3061">
     <span class='ocr_line' id='line_1_21' title="bbox 79 2967 947 3061; baseline 0.014 -26"><span class='ocrx_word' id='word_1_220' title='bbox 79 2967 120 3038; x_wconf 87' lang='lat' dir='ltr'><strong>C.</strong></span> <span class='ocrx_word' id='word_1_221' title='bbox 172 2969 220 3035; x_wconf 92' lang='lat' dir='ltr'><strong>Ut</strong></span> <span class='ocrx_word' id='word_1_222' title='bbox 246 2968 313 3036; x_wconf 87' lang='lat' dir='ltr'><strong>cita</strong></span> <span class='ocrx_word' id='word_1_223' title='bbox 337 2967 398 3039; x_wconf 84' lang='lat' dir='ltr'><strong>ael</strong></span> <span class='ocrx_word' id='word_1_224' title='bbox 419 2970 567 3042; x_wconf 88' lang='lat' dir='ltr'><strong>celeriter</strong></span> <span class='ocrx_word' id='word_1_225' title='bbox 589 2971 743 3061; x_wconf 84' lang='lat' dir='ltr'><strong>dicntur,</strong></span> <span class='ocrx_word' id='word_1_226' title='bbox 770 2975 947 3047; x_wconf 86' lang='lat' dir='ltr'><strong>certificat.</strong></span> 
     </span>
    </p>

    <p class='ocr_par' dir='ltr' id='par_1_7' title="bbox 74 3087 710 3187">
     <span class='ocr_line' id='line_1_22' title="bbox 74 3087 710 3187; baseline 0.016 -31"><span class='ocrx_word' id='word_1_227' title='bbox 74 3089 118 3156; x_wconf 92' lang='lat' dir='ltr'><strong>D.</strong></span> <span class='ocrx_word' id='word_1_228' title='bbox 168 3089 216 3156; x_wconf 90' lang='lat' dir='ltr'><strong>Ut</strong></span> <span class='ocrx_word' id='word_1_229' title='bbox 242 3087 458 3187; x_wconf 85' lang='lat' dir='ltr'><strong>deprimatur</strong></span> <span class='ocrx_word' id='word_1_230' title='bbox 485 3089 710 3166; x_wconf 86' lang='lat' dir='ltr'><strong>demonstrat.</strong></span> 
     </span>
    </p>

    <p class='ocr_par' dir='ltr' id='par_1_8' title="bbox 78 3191 798 3312">
     <span class='ocr_line' id='line_1_23' title="bbox 78 3209 798 3312; baseline 0.017 -35"><span class='ocrx_word' id='word_1_231' title='bbox 78 3209 120 3278; x_wconf 83' lang='lat' dir='ltr'><strong>E.</strong></span> <span class='ocrx_word' id='word_1_232' title='bbox 172 3212 221 3278; x_wconf 91' lang='lat' dir='ltr'><strong>Ut</strong></span> <span class='ocrx_word' id='word_1_233' title='bbox 248 3209 415 3306; x_wconf 77' lang='lat' dir='ltr'><strong>equaliter</strong></span> <span class='ocrx_word' id='word_1_234' title='bbox 444 3225 586 3284; x_wconf 86' lang='lat' dir='ltr'><strong>sonetur</strong></span> <span class='ocrx_word' id='word_1_235' title='bbox 609 3215 798 3312; x_wconf 87' lang='lat' dir='ltr'><strong>eloquitur.</strong></span> 
     </span>
    </p>
   </div>
   <div class='ocr_carea' id='block_1_3' title="bbox 79 3315 1657 3802">
    <p class='ocr_par' dir='ltr' id='par_1_9' title="bbox 80 3315 1197 3446">
     <span class='ocr_line' id='line_1_24' title="bbox 80 3315 1197 3446; baseline 0.012 -50"><span class='ocrx_word' id='word_1_236' title='bbox 80 3331 121 3398; x_wconf 90' lang='lat' dir='ltr'><strong>F.</strong></span> <span class='ocrx_word' id='word_1_237' title='bbox 171 3333 219 3399; x_wconf 91' lang='lat' dir='ltr'><strong>Ut</strong></span> <span class='ocrx_word' id='word_1_238' title='bbox 245 3358 325 3401; x_wconf 88' lang='lat' dir='ltr'><strong>cum</strong></span> <span class='ocrx_word' id='word_1_239' title='bbox 339 3335 488 3442; x_wconf 84' lang='lat' dir='ltr'><strong>fragore</strong></span> <span class='ocrx_word' id='word_1_240' title='bbox 516 3359 576 3405; x_wconf 85' lang='lat' dir='ltr'><strong>seu</strong></span> <span class='ocrx_word' id='word_1_241' title='bbox 590 3337 759 3436; x_wconf 83' lang='lat' dir='ltr'><strong>frendore</strong></span> <span class='ocrx_word' id='word_1_242' title='bbox 772 3315 960 3446; x_wconf 85' lang='lat' dir='ltr'><strong>feriatur,¹</strong></span> <span class='ocrx_word' id='word_1_243' title='bbox 977 3336 1106 3433; x_wconf 83' lang='lat' dir='ltr'><strong>flagitat</strong></span> <span class='ocrx_word' id='word_1_244' title='bbox 1126 3340 1197 3436; x_wconf 76' lang='grc' dir='ltr'><strong>Η).</strong></span> 
     </span>
    </p>

    <p class='ocr_par' dir='ltr' id='par_1_10' title="bbox 79 3451 1344 3552">
     <span class='ocr_line' id='line_1_25' title="bbox 79 3451 1344 3552; baseline 0.007 -34"><span class='ocrx_word' id='word_1_245' title='bbox 79 3451 125 3518; x_wconf 89' lang='lat' dir='ltr'><strong>G.</strong></span> <span class='ocrx_word' id='word_1_246' title='bbox 173 3451 258 3520; x_wconf 91' lang='lat' dir='ltr'><strong>Ut</strong></span> <span class='ocrx_word' id='word_1_247' title='bbox 248 3478 286 3522; x_wconf 88' lang='grc' dir='ltr'><strong>ιιι</strong></span> <span class='ocrx_word' id='word_1_248' title='bbox 308 3465 445 3548; x_wconf 89' lang='lat' dir='ltr'><strong>gutture</strong></span> <span class='ocrx_word' id='word_1_249' title='bbox 463 3456 645 3549; x_wconf 77' lang='lat' dir='ltr'><strong>gradatim</strong></span> <span class='ocrx_word' id='word_1_250' title='bbox 666 3458 862 3550; x_wconf 80' lang='lat' dir='ltr'><strong>garruletur</strong></span> <span class='ocrx_word' id='word_1_251' title='bbox 880 3459 1026 3550; x_wconf 86' lang='lat' dir='ltr'><strong>genuine</strong></span> <span class='ocrx_word' id='word_1_252' title='bbox 1044 3457 1234 3552; x_wconf 88' lang='lat' dir='ltr'><strong>gratulatur</strong></span> <span class='ocrx_word' id='word_1_253' title='bbox 1251 3465 1344 3546; x_wconf 64' lang='lat' dir='ltr'><strong>ffi).</strong></span> 
     </span>
    </p>

    <p class='ocr_par' dir='ltr' id='par_1_11' title="bbox 80 3573 1657 3798">
     <span class='ocr_line' id='line_1_26' title="bbox 80 3573 1657 3686; baseline 0.006 -47"><span class='ocrx_word' id='word_1_254' title='bbox 80 3573 125 3649; x_wconf 89' lang='grc' dir='ltr'><strong><em>Η</em></strong></span> <span class='ocrx_word' id='word_1_255' title='bbox 173 3574 255 3642; x_wconf 92' lang='lat' dir='ltr'><strong>Ut</strong></span> <span class='ocrx_word' id='word_1_256' title='bbox 244 3600 283 3644; x_wconf 93' lang='grc' dir='ltr'><strong>ιιι</strong></span> <span class='ocrx_word' id='word_1_257' title='bbox 302 3575 474 3675; x_wconf 90' lang='lat' dir='ltr'><strong>scriptura</strong></span> <span class='ocrx_word' id='word_1_258' title='bbox 502 3575 666 3676; x_wconf 81' lang='lat' dir='ltr'><strong>adspirat</strong></span> <span class='ocrx_word' id='word_1_259' title='bbox 695 3590 850 3663; x_wconf 90' lang='lat' dir='ltr'><strong>tanturn,</strong></span> <span class='ocrx_word' id='word_1_260' title='bbox 882 3578 987 3648; x_wconf 91' lang='lat' dir='ltr'><strong>itaet</strong></span> <span class='ocrx_word' id='word_1_261' title='bbox 1011 3576 1049 3645; x_wconf 88' lang='lat' dir='ltr'><strong>in</strong></span> <span class='ocrx_word' id='word_1_262' title='bbox 1076 3595 1161 3647; x_wconf 93' lang='lat' dir='ltr'><strong>nota</strong></span> <span class='ocrx_word' id='word_1_263' title='bbox 1182 3575 1259 3646; x_wconf 91' lang='lat' dir='ltr'><strong>id</strong></span> <span class='ocrx_word' id='word_1_264' title='bbox 1250 3601 1366 3675; x_wconf 74' lang='lat' dir='ltr'><strong>ipsum</strong></span> <span class='ocrx_word' id='word_1_265' title='bbox 1387 3575 1519 3648; x_wconf 88' lang='lat' dir='ltr'><strong>habitat</strong></span> <span class='ocrx_word' id='word_1_266' title='bbox 1540 3579 1657 3686; x_wconf 58' lang='grc' dir='ltr'><strong>ἰι-Η).</strong></span> 
     </span>
     <span class='ocr_line' id='line_1_27' title="bbox 87 3690 1648 3802; baseline 0.005 -41"><span class='ocrx_word' id='word_1_267' title='bbox 87 3695 115 3762; x_wconf 89' lang='lat'><strong>1.</strong></span> <span class='ocrx_word' id='word_1_268' title='bbox 173 3690 318 3763; x_wconf 71' lang='lat' dir='ltr'><strong>[rasum</strong></span> <span class='ocrx_word' id='word_1_269' title='bbox 349 3696 419 3766; x_wconf 87' lang='lat' dir='ltr'><strong>vel</strong></span> <span class='ocrx_word' id='word_1_270' title='bbox 414 3697 604 3798; x_wconf 78' lang='lat' dir='ltr'><strong>·&#39;inferius</strong></span> <span class='ocrx_word' id='word_1_271' title='bbox 594 3699 765 3792; x_wconf 86' lang='lat' dir='ltr'><strong>msinuat,</strong></span> <span class='ocrx_word' id='word_1_272' title='bbox 787 3697 1038 3793; x_wconf 78' lang='lat' dir='ltr'><strong>gratitudinem</strong></span> <span class='ocrx_word' id='word_1_273' title='bbox 1061 3723 1130 3798; x_wconf 90' lang='lat' dir='ltr'><strong>pro</strong></span> <span class='ocrx_word' id='word_1_274' title='bbox 1151 3702 1185 3802; x_wconf 91' lang='lat' dir='ltr'>G</span> <span class='ocrx_word' id='word_1_275' title='bbox 1211 3697 1390 3768; x_wconf 86' lang='lat' dir='ltr'><strong>interdum</strong></span> <span class='ocrx_word' id='word_1_276' title='bbox 1415 3697 1548 3768; x_wconf 87' lang='lat' dir='ltr'><strong>indicat</strong></span> <span class='ocrx_word' id='word_1_277' title='bbox 1567 3697 1648 3796; x_wconf 55' lang='grc' dir='ltr'><strong>Ἧι).</strong></span> 
     </span>
    </p>
   </div>
   <div class='ocr_carea' id='block_1_4' title="bbox 25 4044 2033 5152">
    <p class='ocr_par' dir='ltr' id='par_1_12' title="bbox 25 4044 2033 5152">
     <span class='ocr_line' id='line_1_28' title="bbox 116 4044 1496 4130; baseline 0.002 -25"><span class='ocrx_word' id='word_1_278' title='bbox 116 4047 146 4121; x_wconf 64' lang='lat' dir='ltr'><strong>a)</strong></span> <span class='ocrx_word' id='word_1_279' title='bbox 189 4044 268 4108; x_wconf 88' lang='lat' dir='ltr'><strong>Vid.</strong></span> <span class='ocrx_word' id='word_1_280' title='bbox 289 4045 402 4108; x_wconf 74' lang='lat' dir='ltr'><strong>aaut.</strong></span> <span class='ocrx_word' id='word_1_281' title='bbox 423 4067 496 4108; x_wconf 89' lang='lat' dir='ltr'><strong>ann.</strong></span> <span class='ocrx_word' id='word_1_282' title='bbox 519 4049 600 4112; x_wconf 88' lang='lat' dir='ltr'><strong>Ben.</strong></span> <span class='ocrx_word' id='word_1_283' title='bbox 623 4051 720 4112; x_wconf 85' lang='lat' dir='ltr'><strong>Tom.</strong></span> <span class='ocrx_word' id='word_1_284' title='bbox 743 4049 807 4112; x_wconf 87' lang='lat' dir='ltr'><strong>IV.</strong></span> <span class='ocrx_word' id='word_1_285' title='bbox 827 4045 887 4110; x_wconf 91' lang='lat' dir='ltr'><strong>lib.</strong></span> <span class='ocrx_word' id='word_1_286' title='bbox 909 4048 963 4122; x_wconf 78' lang='lat'><strong>49,</strong></span> <span class='ocrx_word' id='word_1_287' title='bbox 993 4067 1027 4111; x_wconf 88' lang='grc' dir='ltr'><strong>ιι.</strong></span> <span class='ocrx_word' id='word_1_288' title='bbox 1048 4046 1100 4109; x_wconf 90' lang='grc'><strong>80.</strong></span> <span class='ocrx_word' id='word_1_289' title='bbox 1122 4065 1198 4130; x_wconf 78' lang='lat' dir='ltr'><strong>pag.</strong></span> <span class='ocrx_word' id='word_1_290' title='bbox 1220 4047 1258 4110; x_wconf 81' lang='lat'><strong>36</strong></span> <span class='ocrx_word' id='word_1_291' title='bbox 1280 4057 1311 4108; x_wconf 86' lang='lat' dir='ltr'><strong>et</strong></span> <span class='ocrx_word' id='word_1_292' title='bbox 1331 4067 1405 4128; x_wconf 85' lang='lat' dir='ltr'><strong>pag.</strong></span> <span class='ocrx_word' id='word_1_293' title='bbox 1425 4047 1496 4110; x_wconf 74' lang='grc'><strong>688.</strong></span> 
     </span>
     <span class='ocr_line' id='line_1_29' title="bbox 97 4136 1205 4224; baseline 0.002 -24"><span class='ocrx_word' id='word_1_294' title='bbox 97 4137 146 4214; x_wconf 78' lang='lat'><strong>**)</strong></span> <span class='ocrx_word' id='word_1_295' title='bbox 189 4136 245 4200; x_wconf 83' lang='lat' dir='ltr'><strong>Ci.</strong></span> <span class='ocrx_word' id='word_1_296' title='bbox 267 4139 381 4202; x_wconf 81' lang='lat' dir='ltr'><strong>Boetltit&#39;</strong></span> <span class='ocrx_word' id='word_1_297' title='bbox 400 4142 439 4204; x_wconf 89' lang='lat' dir='ltr'><strong>de</strong></span> <span class='ocrx_word' id='word_1_298' title='bbox 459 4151 527 4203; x_wconf 86' lang='lat' dir='ltr'><strong>arte</strong></span> <span class='ocrx_word' id='word_1_299' title='bbox 548 4141 666 4204; x_wconf 81' lang='lat' dir='ltr'><strong>musica</strong></span> <span class='ocrx_word' id='word_1_300' title='bbox 688 4141 746 4204; x_wconf 91' lang='lat' dir='ltr'><strong>lib.</strong></span> <span class='ocrx_word' id='word_1_301' title='bbox 757 4143 788 4205; x_wconf 89' lang='lat' dir='ltr'><strong>l.</strong></span> <span class='ocrx_word' id='word_1_302' title='bbox 810 4161 880 4224; x_wconf 85' lang='lat' dir='ltr'><strong>cap.</strong></span> <span class='ocrx_word' id='word_1_303' title='bbox 903 4143 955 4203; x_wconf 84' lang='lat'><strong>31.</strong></span> <span class='ocrx_word' id='word_1_304' title='bbox 976 4141 1028 4203; x_wconf 78' lang='lat'><strong>32.</strong></span> <span class='ocrx_word' id='word_1_305' title='bbox 1202 4161 1205 4170; x_wconf 92' lang='lat'>·</span> 
     </span>
     <span class='ocr_line' id='line_1_30' title="bbox 76 4229 2030 4316; baseline 0.001 -21"><span class='ocrx_word' id='word_1_306' title='bbox 76 4229 149 4308; x_wconf 68' lang='lat' dir='ltr'><strong>aas)</strong></span> <span class='ocrx_word' id='word_1_307' title='bbox 189 4230 361 4312; x_wconf 86' lang='lat' dir='ltr'><strong>Reperitur</strong></span> <span class='ocrx_word' id='word_1_308' title='bbox 380 4233 501 4296; x_wconf 79' lang='lat' dir='ltr'><strong>Nottren&#39;</strong></span> <span class='ocrx_word' id='word_1_309' title='bbox 521 4233 646 4296; x_wconf 88' lang='lat' dir='ltr'><strong>libellus</strong></span> <span class='ocrx_word' id='word_1_310' title='bbox 667 4235 698 4297; x_wconf 88' lang='lat' dir='ltr'><strong>in</strong></span> <span class='ocrx_word' id='word_1_311' title='bbox 720 4234 830 4295; x_wconf 81' lang='lat' dir='ltr'><strong>Canteit</strong></span> <span class='ocrx_word' id='word_1_312' title='bbox 850 4233 950 4316; x_wconf 80' lang='lat' dir='ltr'><strong>antiq.</strong></span> <span class='ocrx_word' id='word_1_313' title='bbox 971 4230 1119 4295; x_wconf 82' lang='lat' dir='ltr'><strong>lectionis</strong></span> <span class='ocrx_word' id='word_1_314' title='bbox 1139 4235 1236 4294; x_wconf 85' lang='lat' dir='ltr'><strong>Tam.</strong></span> <span class='ocrx_word' id='word_1_315' title='bbox 1258 4232 1306 4293; x_wconf 90' lang='lat' dir='ltr'><strong>V.</strong></span> <span class='ocrx_word' id='word_1_316' title='bbox 1329 4231 1421 4300; x_wconf 82' lang='lat' dir='ltr'><strong>Part.</strong></span> <span class='ocrx_word' id='word_1_317' title='bbox 1442 4233 1474 4294; x_wconf 75' lang='lat'><strong>2.</strong></span> <span class='ocrx_word' id='word_1_318' title='bbox 1496 4251 1573 4312; x_wconf 83' lang='lat' dir='ltr'><strong>pag.</strong></span> <span class='ocrx_word' id='word_1_319' title='bbox 1596 4231 1653 4293; x_wconf 77' lang='lat' dir='ltr'><strong>tat)</strong></span> <span class='ocrx_word' id='word_1_320' title='bbox 1674 4251 1717 4300; x_wconf 87' lang='lat' dir='ltr'><strong>ss,</strong></span> <span class='ocrx_word' id='word_1_321' title='bbox 1770 4230 1847 4292; x_wconf 91' lang='lat' dir='ltr'><strong>Inde</strong></span> <span class='ocrx_word' id='word_1_322' title='bbox 1868 4251 1930 4314; x_wconf 87' lang='lat' dir='ltr'><strong>ego</strong></span> <span class='ocrx_word' id='word_1_323' title='bbox 1952 4231 2030 4296; x_wconf 90' lang='lat' dir='ltr'><strong>deli·</strong></span> 
     </span>
     <span class='ocr_line' id='line_1_31' title="bbox 187 4321 1800 4409; baseline -0.002 -21"><span class='ocrx_word' id='word_1_324' title='bbox 187 4325 274 4388; x_wconf 85' lang='lat' dir='ltr'><strong>bavi.</strong></span> <span class='ocrx_word' id='word_1_325' title='bbox 315 4326 477 4409; x_wconf 83' lang='lat' dir='ltr'><strong>Repetirit</strong></span> <span class='ocrx_word' id='word_1_326' title='bbox 497 4331 629 4390; x_wconf 87' lang='lat' dir='ltr'><strong>enodem</strong></span> <span class='ocrx_word' id='word_1_327' title='bbox 650 4327 798 4390; x_wconf 80' lang='lat' dir='ltr'><strong>Matritton.</strong></span> <span class='ocrx_word' id='word_1_328' title='bbox 817 4327 850 4390; x_wconf 90' lang='lat' dir='ltr'><strong>ia</strong></span> <span class='ocrx_word' id='word_1_329' title='bbox 874 4325 979 4390; x_wconf 89' lang='lat' dir='ltr'><strong>annal.</strong></span> <span class='ocrx_word' id='word_1_330' title='bbox 1001 4325 1122 4388; x_wconf 88' lang='lat' dir='ltr'><strong>Bened.</strong></span> <span class='ocrx_word' id='word_1_331' title='bbox 1144 4326 1241 4388; x_wconf 69' lang='lat' dir='ltr'><strong>Toni.</strong></span> <span class='ocrx_word' id='word_1_332' title='bbox 1264 4325 1328 4387; x_wconf 92' lang='lat' dir='ltr'><strong>lV.</strong></span> <span class='ocrx_word' id='word_1_333' title='bbox 1350 4326 1486 4406; x_wconf 88' lang='lat' dir='ltr'><strong>append.</strong></span> <span class='ocrx_word' id='word_1_334' title='bbox 1508 4321 1670 4388; x_wconf 85' lang='lat' dir='ltr'><strong>vl1.tot.</strong></span> <span class='ocrx_word' id='word_1_335' title='bbox 1692 4322 1751 4384; x_wconf 87' lang='grc' dir='ltr'><strong>(ι88</strong></span> <span class='ocrx_word' id='word_1_336' title='bbox 1771 4342 1800 4384; x_wconf 84' lang='lat' dir='ltr'><strong>s.</strong></span> 
     </span>
     <span class='ocr_line' id='line_1_32' title="bbox 57 4413 2033 4500; baseline 0.001 -19.011"><span class='ocrx_word' id='word_1_337' title='bbox 57 4416 148 4494; x_wconf 52' lang='lat' dir='ltr'><strong>mr)</strong></span> <span class='ocrx_word' id='word_1_338' title='bbox 189 4421 333 4484; x_wconf 81' lang='lat' dir='ltr'><strong>Advorte</strong></span> <span class='ocrx_word' id='word_1_339' title='bbox 353 4420 507 4500; x_wconf 85' lang='lat' dir='ltr'><strong>temporis</strong></span> <span class='ocrx_word' id='word_1_340' title='bbox 529 4420 612 4483; x_wconf 87' lang='lat' dir='ltr'><strong>illius</strong></span> <span class='ocrx_word' id='word_1_341' title='bbox 633 4420 817 4500; x_wconf 80' lang='lat' dir='ltr'><strong>artificium!</strong></span> <span class='ocrx_word' id='word_1_342' title='bbox 853 4421 1001 4484; x_wconf 84' lang='lat' dir='ltr'><strong>Verbum</strong></span> <span class='ocrx_word' id='word_1_343' title='bbox 1022 4417 1104 4482; x_wconf 82' lang='lat' dir='ltr'><strong>enirn</strong></span> <span class='ocrx_word' id='word_1_344' title='bbox 1124 4418 1280 4500; x_wconf 85' lang='lat' dir='ltr'><strong>cuiusque</strong></span> <span class='ocrx_word' id='word_1_345' title='bbox 1299 4416 1473 4482; x_wconf 84' lang='lat' dir='ltr'><strong>sententiae</strong></span> <span class='ocrx_word' id='word_1_346' title='bbox 1493 4415 1532 4482; x_wconf 88' lang='lat' dir='ltr'><strong>ab</strong></span> <span class='ocrx_word' id='word_1_347' title='bbox 1554 4437 1590 4480; x_wconf 85' lang='lat' dir='ltr'><strong>ea</strong></span> <span class='ocrx_word' id='word_1_348' title='bbox 1612 4415 1703 4480; x_wconf 83' lang='lat' dir='ltr'><strong>litera</strong></span> <span class='ocrx_word' id='word_1_349' title='bbox 1723 4413 1851 4498; x_wconf 84' lang='lat' dir='ltr'><strong>incipit,</strong></span> <span class='ocrx_word' id='word_1_350' title='bbox 1872 4413 2016 4480; x_wconf 84' lang='lat' dir='ltr'><strong>cuius</strong></span> <span class='ocrx_word' id='word_1_351' title='bbox 1984 4440 2033 4482; x_wconf 81' lang='lat' dir='ltr'><strong>vra</strong></span> 
     </span>
     <span class='ocr_line' id='line_1_33' title="bbox 188 4513 674 4595; baseline 0.004 -21"><span class='ocrx_word' id='word_1_352' title='bbox 188 4525 283 4595; x_wconf 86' lang='lat' dir='ltr'><strong>atque</strong></span> <span class='ocrx_word' id='word_1_353' title='bbox 304 4525 445 4593; x_wconf 85' lang='lat' dir='ltr'><strong>potestas</strong></span> <span class='ocrx_word' id='word_1_354' title='bbox 466 4513 674 4577; x_wconf 85' lang='lat' dir='ltr'><strong>describitur.</strong></span> 
     </span>
     <span class='ocr_line' id='line_1_34' title="bbox 108 4569 2033 4688; baseline -0.001 -20"><span class='ocrx_word' id='word_1_355' title='bbox 108 4606 148 4682; x_wconf 89' lang='lat'><strong>†)</strong></span> <span class='ocrx_word' id='word_1_356' title='bbox 190 4604 277 4682; x_wconf 86' lang='lat' dir='ltr'><strong>Quid</strong></span> <span class='ocrx_word' id='word_1_357' title='bbox 296 4607 359 4668; x_wconf 86' lang='lat' dir='ltr'><strong>hoe</strong></span> <span class='ocrx_word' id='word_1_358' title='bbox 379 4609 495 4684; x_wconf 73' lang='lat' dir='ltr'><strong>tetpaat</strong></span> <span class='ocrx_word' id='word_1_359' title='bbox 515 4605 572 4683; x_wconf 82' lang='lat' dir='ltr'><strong>sit,</strong></span> <span class='ocrx_word' id='word_1_360' title='bbox 604 4627 672 4672; x_wconf 88' lang='lat' dir='ltr'><strong>oon</strong></span> <span class='ocrx_word' id='word_1_361' title='bbox 698 4605 840 4688; x_wconf 85' lang='lat' dir='ltr'><strong>reperio.</strong></span> <span class='ocrx_word' id='word_1_362' title='bbox 883 4605 988 4670; x_wconf 82' lang='lat' dir='ltr'><strong>Nemo</strong></span> <span class='ocrx_word' id='word_1_363' title='bbox 1013 4603 1096 4668; x_wconf 88' lang='lat' dir='ltr'><strong>enim</strong></span> <span class='ocrx_word' id='word_1_364' title='bbox 1123 4625 1260 4685; x_wconf 84' lang='lat' dir='ltr'><strong>unquam</strong></span> <span class='ocrx_word' id='word_1_365' title='bbox 1285 4603 1318 4666; x_wconf 88' lang='lat' dir='ltr'><strong>in</strong></span> <span class='ocrx_word' id='word_1_366' title='bbox 1340 4603 1407 4668; x_wconf 90' lang='lat' dir='ltr'><strong>ulto</strong></span> <span class='ocrx_word' id='word_1_367' title='bbox 1429 4569 1632 4666; x_wconf 79' lang='lat' dir='ltr'><strong>monumento</strong></span> <span class='ocrx_word' id='word_1_368' title='bbox 1654 4614 1781 4682; x_wconf 84' lang='lat' dir='ltr'><strong>praeter</strong></span> <span class='ocrx_word' id='word_1_369' title='bbox 1800 4611 1944 4668; x_wconf 86' lang='lat' dir='ltr'><strong>nostrum</strong></span> <span class='ocrx_word' id='word_1_370' title='bbox 1966 4601 2033 4668; x_wconf 90' lang='lat' dir='ltr'><strong>eius</strong></span> 
     </span>
     <span class='ocr_line' id='line_1_35' title="bbox 188 4696 513 4779; baseline 0.006 -19"><span class='ocrx_word' id='word_1_371' title='bbox 188 4696 358 4779; x_wconf 85' lang='lat' dir='ltr'><strong>vestigium</strong></span> <span class='ocrx_word' id='word_1_372' title='bbox 380 4700 513 4762; x_wconf 85' lang='lat' dir='ltr'><strong>detexit.</strong></span> 
     </span>
     <span class='ocr_line' id='line_1_36' title="bbox 81 4787 1335 4902; baseline -0.002 -50"><span class='ocrx_word' id='word_1_373' title='bbox 81 4791 149 4866; x_wconf 85' lang='lat'><strong>††)</strong></span> <span class='ocrx_word' id='word_1_374' title='bbox 183 4791 233 4853; x_wconf 86' lang='lat' dir='ltr'><strong>Ita</strong></span> <span class='ocrx_word' id='word_1_375' title='bbox 255 4795 389 4854; x_wconf 86' lang='lat' dir='ltr'><strong>emendo</strong></span> <span class='ocrx_word' id='word_1_376' title='bbox 410 4812 472 4872; x_wconf 87' lang='lat' dir='ltr'><strong>pro</strong></span> <span class='ocrx_word' id='word_1_377' title='bbox 492 4791 660 4872; x_wconf 63' lang='lat' dir='ltr'><strong>efflagitat,</strong></span> <span class='ocrx_word' id='word_1_378' title='bbox 671 4789 791 4876; x_wconf 88' lang='lat' dir='ltr'><strong>quod</strong></span> <span class='ocrx_word' id='word_1_379' title='bbox 779 4811 968 4872; x_wconf 74' lang='lat' dir='ltr'><strong>impressum</strong></span> <span class='ocrx_word' id='word_1_380' title='bbox 988 4801 1048 4854; x_wconf 84' lang='lat' dir='ltr'><strong>est.</strong></span> <span class='ocrx_word' id='word_1_381' title='bbox 1091 4787 1195 4902; x_wconf 85' lang='lat' dir='ltr'><strong>Causa</strong></span> <span class='ocrx_word' id='word_1_382' title='bbox 1216 4787 1335 4868; x_wconf 85' lang='lat' dir='ltr'><strong>palam!</strong></span> 
     </span>
     <span class='ocr_line' id='line_1_37' title="bbox 57 4881 795 4968; baseline 0 -22"><span class='ocrx_word' id='word_1_383' title='bbox 57 4885 153 4958; x_wconf 85' lang='lat'><strong>†††)</strong></span> <span class='ocrx_word' id='word_1_384' title='bbox 187 4883 301 4968; x_wconf 86' lang='lat' dir='ltr'><strong>ltaque</strong></span> <span class='ocrx_word' id='word_1_385' title='bbox 322 4885 354 4946; x_wconf 88' lang='lat' dir='ltr'>G</span> <span class='ocrx_word' id='word_1_386' title='bbox 373 4881 465 4964; x_wconf 82' lang='lat' dir='ltr'><strong>plura</strong></span> <span class='ocrx_word' id='word_1_387' title='bbox 487 4889 656 4950; x_wconf 80' lang='lat' dir='ltr'><strong>ostendere</strong></span> <span class='ocrx_word' id='word_1_388' title='bbox 675 4895 795 4966; x_wconf 82' lang='lat' dir='ltr'><strong>potest.</strong></span> 
     </span>
     <span class='ocr_line' id='line_1_38' title="bbox 25 4974 1377 5058; baseline 0.001 -18"><span class='ocrx_word' id='word_1_389' title='bbox 25 4977 150 5052; x_wconf 88' lang='lat'>††††)</span> <span class='ocrx_word' id='word_1_390' title='bbox 184 4977 372 5040; x_wconf 84' lang='lat' dir='ltr'><strong>Verborum</strong></span> <span class='ocrx_word' id='word_1_391' title='bbox 394 4976 507 5040; x_wconf 83' lang='lat' dir='ltr'><strong>seriem</strong></span> <span class='ocrx_word' id='word_1_392' title='bbox 527 4978 657 5058; x_wconf 83' lang='lat' dir='ltr'><strong>paulum</strong></span> <span class='ocrx_word' id='word_1_393' title='bbox 678 4974 811 5040; x_wconf 85' lang='lat' dir='ltr'><strong>mutavi.</strong></span> <span class='ocrx_word' id='word_1_394' title='bbox 1374 5036 1377 5042; x_wconf 90' lang='lat'><strong>.</strong></span> 
     </span>
     <span class='ocr_line' id='line_1_39' title="bbox 84 5065 1320 5152; baseline -0.003 -20"><span class='ocrx_word' id='word_1_395' title='bbox 84 5065 150 5144; x_wconf 59' lang='grc' dir='ltr'><strong>Ἰ)</strong></span> <span class='ocrx_word' id='word_1_396' title='bbox 186 5071 222 5132; x_wconf 87' lang='lat' dir='ltr'><strong>ln</strong></span> <span class='ocrx_word' id='word_1_397' title='bbox 244 5069 357 5135; x_wconf 89' lang='lat' dir='ltr'><strong>codiee</strong></span> <span class='ocrx_word' id='word_1_398' title='bbox 377 5083 492 5134; x_wconf 86' lang='lat' dir='ltr'><strong>nostro</strong></span> <span class='ocrx_word' id='word_1_399' title='bbox 512 5071 604 5151; x_wconf 89' lang='lat' dir='ltr'><strong>plura</strong></span> <span class='ocrx_word' id='word_1_400' title='bbox 626 5091 648 5152; x_wconf 84' lang='lat' dir='ltr'><strong>g</strong></span> <span class='ocrx_word' id='word_1_401' title='bbox 673 5081 705 5134; x_wconf 86' lang='lat' dir='ltr'><strong>et</strong></span> <span class='ocrx_word' id='word_1_402' title='bbox 724 5069 736 5133; x_wconf 92' lang='lat' dir='ltr'><strong>i</strong></span> <span class='ocrx_word' id='word_1_403' title='bbox 756 5067 961 5134; x_wconf 77' lang='lat' dir='ltr'><strong>contusarum</strong></span> <span class='ocrx_word' id='word_1_404' title='bbox 982 5065 1126 5149; x_wconf 80' lang='lat' dir='ltr'><strong>exernpla</strong></span> <span class='ocrx_word' id='word_1_405' title='bbox 1147 5077 1284 5136; x_wconf 80' lang='lat' dir='ltr'><strong>exstant.</strong></span> <span class='ocrx_word' id='word_1_406' title='bbox 1317 5128 1320 5134; x_wconf 86' lang='grc'><em>,</em></span> 
     </span>
    </p>
   </div>
   <div class='ocr_carea' id='block_1_5' title="bbox 0 0 2390 6068">
    <p class='ocr_par' dir='ltr' id='par_1_13' title="bbox 0 0 2390 6068">
     <span class='ocr_line' id='line_1_40' title="bbox 0 0 2390 6068; baseline 0 0"><span class='ocrx_word' id='word_1_407' title='bbox 0 0 2390 6068; x_wconf 95' lang='lat' dir='ltr'><strong> </strong></span> 
     </span>
    </p>
   </div>
  </div>
 </body>
</html>
