4764 6076
508 390 572 456 DE
595 389 781 456 CODICIS
802 388 979 457 patula
1000 387 1063 453 ΕΤ
1084 387 1292 462 AETATE.
1335 387 1442 455 GAP.
1463 389 1544 454 Vll.

854 569 951 648 ca
976 569 1025 649 Ρ.
1087 568 1197 648 vn.

426 785 528 864 nn
567 783 1153 868 commenarias
1190 787 1285 866 nr
1311 748 1631 872 ,anuarm

910 975 1136 994 m

950 1124 985 1226 ς.
1018 1120 1101 1192 106.

117 1291 219 1364 Haud
244 1318 357 1392 pauca
382 1314 476 1376 sunt,
505 1319 594 1391 quae
611 1293 761 1393 patriam
777 1295 910 1368 codicis
927 1297 1040 1369 nostri
1054 1301 1281 1394 miserentem
1297 1314 1392 1368 certa
1408 1293 1463 1366 via
1480 1295 1608 1368 ducere
1626 1295 1820 1370 rideantur.
1869 1267 2033 1370 Pdmum

14 1411 113 1482 enirn
140 1413 249 1486 totius
274 1415 355 1486 libri
380 1415 595 1526 characteres
620 1415 750 1503 Latini,
798 1437 838 1488 ut
871 1445 913 1490 ex
946 1419 1208 1518 comparatione
1238 1442 1321 1489 cum
1346 1415 1552 1490 Mobillonii
1579 1445 1698 1490 rerum
1724 1417 2033 1518 diplomaticamm

14 1533 79 1606 lib.
105 1541 146 1623 V,
171 1561 252 1636 pag.
279 1535 349 1612 551
375 1535 600 1635 intelligitur,
624 1538 895 1636 Anglosanonici
920 1562 1019 1630 sunt,
1053 1561 1088 1616 et
1113 1540 1235 1616 omnia
1256 1539 1432 1614 scribendi
1458 1539 1687 1641 compendia,
1718 1539 1941 1614 inversione
1967 1544 2033 1611 La-

14 1657 93 1728 tina
117 1657 238 1746 obvia,
264 1659 558 1732 consuetudinem
580 1659 895 1758 Anglosaxonicam
920 1664 1085 1738 referunt.
1136 1666 1235 1756 Quae
1260 1688 1316 1736 res
1341 1659 1385 1734 ad
1411 1661 1623 1736 Britanniam
1644 1661 1813 1763 pauiam,
1851 1661 1907 1734 vel
1933 1663 2033 1758 quod

14 1777 113 1850 idem
147 1799 217 1868 est,
254 1780 315 1884 ad,
332 1780 534 1854 Hiberniam
565 1782 714 1880 digitum
746 1784 845 1882 quasi
873 1785 1035 1858 intendit.
1085 1785 1223 1860 Deinde
1253 1784 1383 1859 Scotici
1412 1785 1628 1860 characteres
1661 1782 1838 1882 praeclare
1874 1781 2028 1882 expressi

14 1919 100 1970 sunt
134 1900 172 1971 in
205 1891 385 1976 nonnullis
416 1905 646 2006 manuscripti
682 1904 943 1996 additamentis,
992 1935 1083 2006 quae
1117 1892 1186 1984 alio
1221 1908 1304 1983 loco
1338 1908 1532 1980 accuratius
1566 1905 1846 2004 significavimus.
1921 1903 2033 1996 Quod

14 2021 167 2094 alterum
198 2022 371 2096 indicium
405 2025 450 2096 ad
483 2026 684 2102 Hiberniam
715 2055 778 2101 seu
810 2031 1017 2127 Scotiam’i)
1046 2057 1112 2106 nos
1145 2030 1300 2108 rcrnittit.
1356 2027 1395 2106 Τ
1388 2031 1472 2103 ertitr
1506 2029 1581 2102 loco
1608 2027 1774 2102 codicum
1800 2047 2032 2126 cognatorum

14 2145 130 2242 patria
154 2145 270 2220 Scotia
295 2149 339 2218 ab
364 2148 510 2224 eruditis
533 2171 688 2252 putatur.
754 2237 756 2242 ,

948 2331 981 2434 ς.
1012 2329 1094 2405 107.

120 2487 186 2560 Hic
212 2483 348 2588 primns
374 2489 412 2561 in
437 2513 582 2563 censum
606 2489 703 2565 venit
727 2487 841 2566 codar
864 2489 1129 2567 Boemerrimns.
1178 2491 1415 2592 Reperiuntur
1439 2490 1476 2562 in
1501 2491 1588 2566 solio
1614 2487 1688 2563 eius
1713 2487 1879 2562 vicesimo
1907 2489 2030 2572 tertio,

14 2605 119 2678 cuius
142 2607 340 2709 sacsr‘mr'le,
384 2613 483 2709 quod
515 2609 624 2686 bodie
661 2609 777 2687 dicere
807 2611 940 2701 solent,
982 2611 1203 2686 Matthaerits
1226 2611 1297 2685 aeri
1321 2609 1471 2684 incisum
1497 2609 1673 2698 exhibuit,
1712 2611 1831 2709 plures
1856 2609 2032 2682 linearia

14 2727 139 2800 infima
165 2755 245 2818 ora,
289 2732 440 2806 dialecto
473 2733 593 2831 ignota
626 2735 872 2835 conscriptaer
904 2759 1053 2833 quarum
1085 2731 1292 2807 sententiam
1325 2755 1432 2806 nemo
1462 2733 1579 2806 adhuc
1605 2732 1790 2833 explicuit,
1832 2759 1918 2829 quas
1944 2757 2029 2804 vero
2105 2809 2106 2814 ,
2163 2721 2167 2730 ’

15 2849 151 2922 eruditi
176 2852 329 2924 scoticas
355 2879 429 2925 esse
461 2854 663 2954 perhibent.
711 2856 861 2955 Propius
892 2857 935 2928 ad
969 2855 1171 2929 Hiberniam
1210 2881 1273 2928 seu
1304 2855 1473 2940 Scotiam¹
1491 2854 1640 2955 patriam
1675 2853 1789 2926 codex
1820 2853 2031 2954 Basileensr's

14 2963 241 3068 psalmorum
265 2965 579 3050 Graeco-Latinus
604 2967 719 3060 ducit,
745 2971 817 3075 qui'
831 2977 963 3050 saeculi
983 2978 1073 3051 noni
1096 2999 1170 3050 esse
1195 2999 1217 3049 a
1240 2975 1437 3050 Wetstenio
1452 2974 1520 3074 aa),
1541 2971 1685 3073 aliisque
1702 2973 1789 3078 iffi)
1812 2972 2029 3074 perhibetur,

15 3111 54 3163 et
80 3117 187 3190 quem
217 3095 292 3174 W
287 3098 448 3168 eusenius
473 3091 511 3167 in
535 3097 873 3197 prolegomeaornm
898 3099 942 3171 ad
966 3103 1006 3172 N.
1023 3103 1064 3172 T.
1087 3118 1228 3198 partem
1252 3105 1295 3170 11.
1321 3098 1448 3198 pagina
1471 3119 1566 3170 nona
1590 3096 1638 3167 ita
1664 3091 1866 3194 descripsit:
1893 3096 2034 3182 „Eas

15 3209 100 3286 dem
124 3215 246 3286 astatis
271 3235 376 3314 atque
401 3218 584 3292 commatis
609 3219 813 3318 psalterium
838 3225 1013 3294 Graecam
1037 3221 1193 3304 videtur,
1219 3219 1320 3318 qaod
1344 3239 1396 3291 est
1420 3219 1458 3290 in
1482 3217 1697 3290 bibliotheca
1714 3216 1908 3298 basiliensi,
1934 3210 2034 3288 ctnus

15 3339 155 3406 Graeca
179 3333 290 3406 literis
313 3336 513 3409 maiusculis
538 3357 574 3411 st
597 3339 672 3411 sine
696 3343 897 3420 accentibus
921 3343 1050 3441 scripta
1073 3361 1174 3412 sunt:
1219 3341 1341 3413 Latina
1365 3363 1451 3413 vero
1476 3336 1591 3412 versio
1616 3359 1721 3436 supra
1745 3336 1854 3408 lineas
1879 3341 2031 3408 Graecas

16 3454 218 3527 charactere
251 3457 536 3554 Anglosaxonico
567 3459 740 3560 adscripta
772 3481 843 3533 est:
885 3481 921 3534 et
952 3461 1097 3560 quidem
1121 3463 1161 3533 in
1184 3460 1370 3545 Hibernia,
1395 3479 1437 3530 ut
1461 3455 1638 3555 colligitur
1663 3483 1705 3529 ex
1729 3455 1864 3556 hymno
1891 3455 2030 3527 adiecto

16 3575 56 3646 in
80 3576 221 3652 laudem
246 3577 408 3676 brigittae
434 3599 470 3651 et
494 3573 650 3654 Patricii:
692 3580 771 3654 Alta
802 3582 919 3654 audite
944 3615 988 3658 ra
1007 3611 1091 3677 ιρχα
1117 3601 1197 3654 toto
1222 3575 1358 3652 mundo
1388 3578 1551 3652 micantia
1575 3575 1736 3675 Brigittae
1768 3573 1965 3650 beatissime
1993 3577 2031 3646 in

17 3697 176 3784 Christo,
211 3714 329 3771 sancta
355 3697 483 3801 adepta
506 3703 627 3802 opima
650 3700 790 3774 Patricii
813 3699 1008 3804 patrocinia
1033 3701 1160 3784 electa,
1191 3721 1272 3802 apta
1297 3697 1436 3772 alumna
1461 3698 1601 3772 Petricii
1624 3743 1676 3764 -
1698 3741 1750 3760 -
1774 3743 1823 3758 -
1847 3697 1886 3770 in
1910 3717 2030 3772 nostra

15 3819 129 3891 insola
161 3847 253 3918 quae
283 3841 434 3894 rocatur
461 3823 665 3896 beadssima.
724 3825 858 3896 Citatur
881 3825 967 3896 item
991 3824 1110 3896 Caroli
1132 3831 1181 3896 M.
1206 3842 1418 3922 praeceptor
1441 3811 1614 3892 Alcuinus
1636 3826 1709 3893 Vll.
1738 3847 1814 3922 cap.
1841 3821 1900 3892 lib.
1927 3825 1958 3897 1·.
1985 3819 2030 3890 de

18 3941 90 4012 fide
117 3941 334 4016 catholica.“
382 3943 571 4039 Briantae,
607 3943 774 4028 Patrr'eti',
808 3945 942 4016 insulae
974 3945 1190 4017 beatissimae
1216 3942 1350 4016 mentio
1382 3941 1442 4013 hic
1466 3941 1594 4014 iniecta
1620 3941 1784 4014 omnibus
1808 3941 1890 4014 viris
1915 3940 2045 4014 doctis·

18 4059 65 4133 de
94 4088 138 4136 eo
162 4063 353 4164 persuasit,
379 4063 551 4166 scriptum
576 4091 654 4160 esse,
674 4065 804 4140 librum
827 4066 866 4137 in
882 4065 1063 4166 Hibernia,
1087 4066 1125 4136 in
1152 4091 1221 4164 qua
1246 4061 1413 4137 Patricius
1438 4081 1474 4134 et
1498 4062 1639 4162 Erigitta
1664 4062 1882 4160 requiescere
1908 4057 2032 4131 dicun-

102 4419 138 4496 s)
177 4419 255 4482 Noa
273 4439 405 4500 passure
425 4435 492 4484 nos
511 4423 660 4494 richere,
691 4439 756 4500 prr
771 4423 879 4486 decern
906 4417 1020 4502 priora
1039 4419 1166 4484 Christi
1189 4419 1320 4486 samnis
1339 4420 1481 4485 Scatism
1507 4432 1542 4484 et
1559 4417 1748 4484 Hiberniam
1768 4433 1857 4483 unam
1877 4415 2023 4492 insolata,
2064 4441 2076 4454 ·

166 4531 262 4596 cuae
281 4511 377 4578 bodie
396 4515 502 4576 aare
520 4511 718 4590 nominatur,
738 4514 937 4596 significare,
965 4535 1069 4598 reque
1089 4513 1277 4579 hodiernam
1296 4515 1440 4580 Sestiana
1460 4533 1592 4599 mquam
1613 4514 1656 4578 ita
1677 4515 1765 4594 apud
1782 4510 1938 4592 undenos
1952 4532 2035 4574 ana-

173 4605 302 4688 ruprri.
342 4605 515 4672 Hiberniae
530 4607 654 4672 incolae
668 4609 759 4673 Secti
775 4608 1037 4672 noniuslsantur.
1075 4607 1132 4673 Gi.
1152 4610 1261 4672 nasse
1275 4613 1315 4678 de
1327 4608 1507 4674 Britannic.
1528 4630 1635 4672 rerum
1649 4603 1836 4688 primordiis
1849 4604 2034 4686 captlbvl,

175 4717 252 4786 pag.
273 4701 333 4766 '1¹25
352 4733 391 4755 ι·
413 4703 485 4767 tet.
523 4699 662 4766 Em
687 4716 834 4767 veterum
857 4701 1067 4783 epistolarum
1090 4701 1337 4768 ilibeanlerrutn
1363 4703 1504 4788 sylloge.
1556 4700 1716 4770 Dubliuii.
1745 4701 1823 4766 ttae
1850 4702 1909 4764 sub
1938 4697 2036 4760 linem

175 4792 407 4875 praelationist
428 4795 577 4878 (paginae
597 4794 681 4859 enirn
700 4795 896 4876 praefationi
916 4811 980 4861 non
1001 4809 1075 4860 suat
1094 4796 1304 4881 adscriptam)
1318 4810 1351 4863 et
1363 4809 1510 4864 retsruru
1520 4796 1716 4878 scriptorm
1730 4793 1916 4860 innumeros
1928 4793 2031 4858 les-me

175 4887 269 4952 locos
290 4905 372 4972 quos
392 4887 426 4952 in
446 4889 532 4955 libro
551 4889 647 4972 prius
662 4889 828 4954 nominato
849 4891 977 4953 ttamen
996 4890 1172 4958 recensuit·

83 4985 134 5059 se)
174 4979 232 5047 Cl.
253 4983 409 5068 prolegg.
428 4982 463 5046 iu
482 4985 529 5048 N.
550 4988 595 5048 Τ.
611 4982 692 5048 edita
709 4985 803 5050 Para„
819 4985 852 5048 l.
870 4997 949 5070 pag.
965 4982 1042 5050 ill·

64 5080 131 5153 sss)
171 5075 295 5140 licead.-
325 5077 495 5164 catalogus
513 5077 736 5164 manuariptt·
754 5089 826 5145 etc.
