4802 6062
769 1471 870 1550 Al)
914 1471 1383 1552 IAEO'I'OREMo

986 1715 1186 1730 m

71 1884 166 1990 Hoc
191 1913 353 1988 defuncti
386 1915 497 1987 fratris
528 1915 621 1987 inter
654 1913 729 2014 ipsa
762 1915 897 2016 publici
931 1917 1085 1988 muneris
1110 1919 1250 2032 negotia
1275 1919 1460 2018 morbique
1487 1916 1685 1990 molestiam
1711 1943 1846 1988 summa
1872 1943 1955 1987 cura
1981 1935 2085 2012 atque

72 2012 246 2110 diligentia
269 2013 465 2114 perlectum
491 2033 764 2090 monumentum
791 2039 834 2086 ne
863 2013 935 2085 sine
961 2015 1189 2116 inscriptione
1217 2015 1491 2115 relinqueretur,
1517 2037 1557 2087 ut
1581 2041 1693 2116 pauca
1719 2015 1763 2086 de
1789 2012 1858 2086 vita
1884 2014 1958 2084 eius
1981 2034 2085 2109 atque

72 2111 190 2182 studiis
215 2111 363 2209 praefari
387 2113 533 2199 vellem,
560 2108 663 2182 amici
690 2132 909 2208 rogaverunt.
961 2117 1041 2184 Non
1067 2113 1175 2184 deero
1201 2114 1299 2201 Tibi,
1327 2113 1453 2186 dilecte
1480 2113 1599 2200 frater,
1637 2134 1672 2186 et
1697 2109 1794 2210 quod
1812 2115 1868 2181 Tu
1886 2111 2084 2209 saepissime

72 2235 135 2306 pro
162 2235 217 2279 me
244 2208 371 2291 fecisti,
411 2230 450 2280 nt
483 2236 643 2281 sermone
677 2229 782 2307 atque
809 2209 907 2281 lactis
935 2236 1092 2284 amorem
1120 2237 1199 2310 erga
1225 2239 1281 2283 me
1308 2217 1426 2284 Tuum
1452 2211 1693 2295 testificarere,
1731 2209 1767 2278 id
1796 2235 1861 2307 ego
1887 2235 1982 2278 nunc
2007 2207 2086 2278 Tibi

69 2309 139 2374 iam
165 2306 202 2375 in
228 2307 369 2377 coelum
396 2327 540 2418 recepto
565 2310 759 2407 praestabo

166 2403 337 2474 Henricus
363 2403 577 2475 Christianus
603 2403 755 2476 Michael
780 2405 896 2502 Rettig
922 2433 941 2478 a
964 2405 1176 2506 pauperibus
1203 2405 1363 2503 quidem,
1390 2407 1450 2478 sed
1477 2405 1636 2479 honestis
1661 2403 1880 2504 parentibus,
1908 2429 1936 2472 a.
1964 2401 1997 2471 d.
2025 2407 2085 2470 III.

73 2503 145 2572 Kal.
172 2506 263 2573 Sext.
290 2500 371 2572 anni
396 2507 639 2573 MDCCXCIX
666 2502 785 2574 Gissae
812 2522 1001 2576 natusest.
1054 2509 1122 2575 Pro
1149 2505 1293 2576 summis
1318 2524 1503 2606 parentum
1529 2503 1566 2573 in
1592 2527 1627 2573 se
1646 2499 1779 2572 meritis
1799 2500 1899 2571 licuit
1918 2499 2085 2568 defuncto

71 2626 236 2698 usurpare
263 2600 399 2670 Horatii
423 2599 528 2670 illud:
924 2595 928 2611 '

653 2722 730 2778 Nem
748 2725 775 2780 si
792 2735 899 2780 natura
918 2723 1035 2781 iuberet

379 2809 408 2862 A
426 2807 518 2861 certis
537 2808 625 2862 annis
643 2825 748 2862 aevum
766 2825 900 2864 remeare
918 2819 1074 2882 peractum

377 2892 477 2962 Atque
496 2889 570 2944 alios
588 2890 688 2965 legere
707 2892 744 2946 ad
762 2892 871 2948 fastum
890 2910 1086 2968 quoscunque
1104 2903 1262 2967 parentes:

378 2969 506 3046 Optaret
522 2971 581 3029 sibi
599 2977 741 3048 quisqam
769 2979 844 3032 meis
862 2987 1022 3034 contentus
1041 2978 1185 3036 honestos

376 3053 524 3112 Fascibus
541 3067 571 3113 et
589 3058 671 3114 sellis
689 3059 800 3116 uellem
817 3061 890 3117 mihi
908 3079 1034 3118 surncre.

166 3193 240 3256 Iam
275 3207 408 3264 mature
445 3187 482 3257 in
519 3189 667 3288 parvulo
732 3191 882 3262 raeclara
914 3191 965 3265 vis
1000 3191 1132 3290 ingenii
1168 3211 1203 3263 et
1235 3191 1447 3263 indefessum
1480 3187 1638 3260 discendi
1668 3189 1823 3260 studium
1851 3191 2011 3286 emicuit,
2054 3211 2090 3261 et

68 3287 201 3354 sactum
234 3284 281 3354 ita
315 3304 383 3369 est,
420 3303 460 3354 ut
491 3285 585 3356 inter
618 3216 756 3358 sodales
790 3289 946 3389 primum
978 3291 1188 3390 plerumque
1220 3289 1341 3361 locum
1375 3288 1412 3358 in
1446 3286 1567 3358 schola
1601 3287 1785 3358 obtineret.
1826 3287 1911 3358 ·sed
1946 3288 2090 3360 vixdum

66 3381 247 3453 decimum
274 3401 439 3480 quartum
464 3383 585 3454 aetatis
611 3411 743 3455 annum
770 3412 943 3484 egressus,
970 3408 1120 3488 propter
1145 3406 1329 3484 egestatem
1354 3405 1542 3484 parentum
1566 3384 1685 3481 pueris
1710 3379 1931 3454 instituendis
1957 3385 2089 3458 victum

68 3478 136 3549 sibi
169 3506 336 3576 quaerere
371 3497 514 3550 coactus
548 3499 610 3552 est.
662 3483 784 3572 Quum
817 3483 864 3552 ita
896 3510 998 3554 senae
1032 3511 1096 3582 per
1130 3483 1284 3580 singulos
1319 3481 1392 3552 dies
1418 3482 1579 3581 pluresve
1605 3479 1713 3551 horae
1739 3480 1862 3551 studiis
1888 3481 2088 3565 interirent,

66 3575 243 3648 industria
269 3598 385 3648 tamen
412 3597 447 3647 et
471 3576 775 3650 lucubrationibus
802 3580 932 3662 effecit,
970 3601 1011 3651 ut
1034 3580 1194 3674 absoluto
1220 3579 1256 3649 in
1282 3579 1486 3664 Academia,
1526 3577 1563 3646 in
1596 3605 1666 3675 qua
1700 3577 1896 3676 theologiae
1925 3571 2091 3650 simulet

92 3674 288 3786 hilologiae
316 3700 461 3774 operam
485 3697 688 3763 navaverat,
715 3676 915 3748 studiorum
942 3704 1064 3760 cursu,
1089 3677 1235 3778 publico
1253 3677 1493 3778 praeceptoris
1509 3675 1546 3745 in
1562 3675 1754 3774 Gymnasio
1772 3676 1927 3767 Cisseusi
1944 3701 2088 3746 munere

65 3701 196 3868 dignus
221 3772 445 3843 iudicaretur.
499 3777 593 3843 Tum
626 3794 726 3874 patre
760 3795 904 3846 mortuo
939 3775 1009 3846 lere
1040 3775 1155 3847 omnis
1189 3776 1238 3846 rei
1273 3774 1485 3846 domesticae
1517 3773 1721 3874 procuratio
1755 3799 1836 3844 sane
1869 3772 2019 3844 difficilis
2052 3774 2090 3843 in

66 3871 213 3940 fratrem
239 3869 352 3940 cessit.
404 3869 465 3940 His
498 3891 616 3942 tamen
649 3871 742 3942 curis
778 3893 846 3943 tam
872 3899 999 3973 parum
1024 3899 1043 3943 a
1068 3872 1312 3972 persequenda
1338 3871 1537 3943 studiorum
1563 3871 1697 3942 ratione
1722 3871 1922 3969 prohibitus
1948 3891 2012 3952 est,
2050 3889 2090 3941 ut

67 3965 160 4038 mihi
186 3967 223 4036 in
249 3964 429 4037 literarum
454 3967 578 4039 studiis
606 3989 773 4068 tanquam
799 3995 1008 4070 praecursor
1033 3971 1147 4042 suerit.
1198 3975 1276 4040 Nun
1303 3995 1385 4041 uam
1408 3967 1659 4040 intermittetur
1685 3995 1703 4038 a
1729 3994 1785 4039 me
1808 3987 1878 4039 tem
1907 3967 1977 4040 oris
1997 3967 2090 4039 illius

64 4063 260 4150 memoria,
304 4089 377 4162 quo
411 4090 477 4164 per
510 4091 570 4136 sex
603 4088 638 4137 et
672 4067 769 4164 quod
805 4067 958 4139 excurrit
991 4095 1102 4140 annos
1133 4093 1208 4139 non
1234 3997 1361 4139 eodem
1388 4066 1547 4139 conclavi
1571 4065 1706 4152 solum,
1746 4065 1808 4136 sed
1834 3995 1960 4138 iisdem
1986 4065 2089 4137 etiam

63 4161 208 4232 scriniis
233 4180 372 4234 utentes
398 4181 470 4232 tarn
496 4163 723 4235 c'oneorditcr
747 4164 857 4236 literis
882 4165 1094 4248 vacavimus,
1119 4185 1228 4237 utne
1255 4165 1362 4237 semel
1389 4163 1533 4263 quidem
1559 4163 1630 4235 hoc
1657 4163 1884 4262 tranquillum
1908 4163 2088 4260 Musisque

63 4257 232 4330 dicatum
266 4259 379 4332 otium
412 4259 468 4332 vel
500 4260 625 4333 leviter
659 4280 795 4332 tantum
828 4267 1006 4335 turbatum
1040 4289 1114 4334 esse
1148 4263 1378 4335 meminerim.
1446 4262 1595 4354 Quantis
1627 4280 1703 4332 tum
1735 4259 1884 4360 negotiis
1914 4259 2092 4332 distri'ctus

60 4357 180 4428 fuerit
207 4356 278 4429 dici
302 4357 362 4430 vix
386 4377 516 4458 potest.
585 4363 667 4433 Uno
703 4359 901 4456 eodemque
935 4382 1096 4462 tempore
1131 4360 1369 4476 praeceptoris
1402 4360 1440 4430 in
1470 4359 1662 4460 Gymnasio
1696 4357 1850 4430 Gissensi
1883 4358 1975 4431 vices
2009 4383 2092 4428 cum

61 4481 211 4526 summa
237 4455 306 4526 fide
333 4483 373 4528 ac
398 4455 568 4552 religione
596 4456 709 4546 obire3
747 4457 1012 4532 collaboratoris
1045 4459 1082 4531 in
1107 4459 1300 4531 Seminano
1325 4456 1565 4558 philologico,
1601 4455 1697 4527 unde
1723 4455 1879 4623 optimus
1905 4455 1948 4527 ad
1971 4453 2091 4556 philo-

64 4553 205 4648 logiam
231 4578 363 4623 sacram
388 4553 521 4640 aditus,
547 4579 693 4626 munere
720 4555 832 4652 fungi,
858 4555 895 4626 in
919 4557 1107 4628 Academia
1132 4556 1286 4628 Gissensi
1312 4554 1506 4652 exegeticus,
1519 4554 1742 4653 potissimum
1773 4552 1927 4624 ectiones
1943 4553 2089 4640 habere3

64 4649 241 4722 ecclesiae
278 4649 381 4722 etiam
413 4650 626 4723 Christianae
659 4650 841 4724 historiam
879 4653 1058 4726 interdum
1092 4680 1269 4744 enarrare;
1312 4651 1513 4725 domesticis
1546 4669 1725 4750 praeterea
1766 4648 1890 4720 studiis
1925 4671 1960 4721 et
1992 4647 2089 4720 libris

62 4746 266 4818 scribendis
291 4743 444 4821 intentus
469 4775 553 4820 esse.
604 4749 748 4821 Etiamsi
772 4750 969 4848 theologiae
997 4779 1103 4850 quam
1130 4771 1256 4824 vocant
1281 4749 1442 4822 rationali
1457 4769 1533 4820 tum
1551 4747 1657 4844 magis
1674 4746 1790 4818 adhuc
1807 4746 1968 4818 addictus
1987 4765 2086 4831 esset,

62 4865 173 4916 tanto
200 4865 316 4916 tamen
341 4843 449 4918 animi
473 4866 508 4918 et
532 4847 663 4942 ingenii
688 4847 813 4919 ardore
840 4847 1005 4936 docebat,
1031 4875 1213 4948 nunquam
1237 4849 1374 4946 linguae
1400 4845 1667 4930 adhaerescens,
1703 4871 1782 4916 raro
1806 4843 1973 4943 inspectis
1999 4868 2086 4940 quas

61 4967 197 5012 secum
222 4965 240 5013 a
267 4962 467 5042 portaverat
490 4943 648 5032 schedis,
679 4965 720 5017 ut
745 4944 848 5016 multi
872 4945 927 5018 his
952 4971 988 5018 se
1014 4946 1223 5020 lectionibus
1249 4947 1292 5017 ad
1317 4968 1435 5017 veram
1461 4943 1568 5015 fidem
1594 4967 1781 5016 conversos
1807 4966 1880 5013 esse
1906 4941 2088 5016 fateantur.

59 5039 125 5110 Ad
156 4969 373 5138 theologiam
394 5065 507 5138 ,quam
531 5063 659 5116 vocant
677 5045 976 5144 supematuralem
994 5045 1050 5116 his
1073 5043 1297 5144 potissimum
1316 5042 1427 5115 causis
1449 5061 1631 5142 permotus
1648 5067 1684 5112 se
1705 5038 1916 5112 convertisse
1937 5037 2087 5110 videtur.
