4764 6076
661 435 1195 530 snrrtontsconsrtrun.
1239 434 1412 500 carn
1709 382 1712 390 ¹
1856 441 1857 446 ¹
1987 437 2103 498 xi*

785 704 798 732 ι
986 621 1019 720 §-
1058 617 1114 687 aa.

128 758 323 830 Literarum
347 755 501 856 ipsarum
527 775 598 826 tarn
619 753 768 826 altitudo
790 779 895 850 quam
916 755 1065 827 latitudo
1087 755 1215 828 mirum
1235 755 1273 826 in
1289 751 1586 826 modumvariat„
1625 756 1790 821 Normam
1806 753 1861 822 vel
1881 754 2036 848 regulam
2068 733 2072 738 ¹

27 879 73 949 ad
100 903 204 976 quarn
228 879 330 950 istam
354 875 582 964 variationem
606 874 742 972 exigere
761 899 921 973 possem,
949 902 1023 948 non
1038 877 1166 952 inveni.
1205 879 1354 951 Evolvas
1372 875 1541 975 exempli,
1569 875 1665 972 quod
1688 873 1726 945 in
1745 875 1902 944 manibus
1918 873 2035 960 habes,
2138 969 2143 976 .

25 1001 168 1097 paginas
193 995 402 1093 trigesimam
438 1019 473 1068 et
506 997 717 1096 trigesimam
748 997 899 1096 primam
925 1015 961 1068 et
986 1025 1179 1098 componas
1206 1025 1287 1071 cum
1311 996 1446 1097 paginis
1472 996 1684 1094 octogesima
1710 1014 1803 1065 sexta
1829 1014 1864 1064 et
1889 1017 2037 1092 sequen-

25 1119 134 1201 tibus,
161 1120 290 1191 sireni
316 1118 398 1206 tibi,
425 1139 465 1190 ut
490 1136 558 1200 est,
585 1118 686 1218 cupis
712 1117 900 1192 informare
928 1120 1151 1216 cogitatione.

971 1281 1004 1381 §-
1043 1284 1099 1356 25.
1151 1331 1153 1336 .

126 1427 166 1496 ln
192 1420 313 1518 quavis
338 1420 408 1490 fere
434 1417 525 1488 linea
542 1443 649 1488 unam
673 1418 834 1520 pluresve
849 1420 965 1492 literas
984 1421 1157 1522 conspicis
1175 1421 1285 1522 duplo
1303 1422 1445 1518 reliquis
1461 1421 1621 1494 maiores.
1671 1427 1741 1494 Hae
1758 1421 1936 1492 coloribus
1955 1435 2036 1486 sunt

23 1564 167 1615 ornatae
178 1541 278 1624 ssavo,
296 1543 413 1622 rubro,
431 1539 601 1624 violaceo,
619 1539 732 1612 viridi.
771 1539 938 1638 Apagina
948 1541 1030 1614 inde
1049 1544 1312 1644 quadragesima
1324 1570 1418 1618 nona
1429 1545 1530 1644 color
1540 1544 1667 1626 viridis,
1686 1565 1856 1641 quantum
1870 1525 2035 1638 equidem

23 1663 219 1747 observavi,
234 1687 308 1734 non
327 1661 434 1747 redit,
447 1660 513 1760 nisi
530 1661 568 1730 in
584 1665 699 1746 Lucae
719 1663 836 1732 tabula
856 1663 1098 1759 generationis.
1149 1670 1190 1735 In
1209 1673 1330 1738 Marco
1350 1664 1454 1737 etiam
1472 1665 1648 1737 violaceus
1668 1665 1782 1754 deest,
1809 1663 1922 1761 quiin
1939 1668 2034 1734 Luca

22 1784 155 1858 deinde
174 1804 208 1854 et
220 1789 350 1855 Ioanne
365 1781 483 1852 denuo
499 1781 724 1880 conspicitur.
762 1788 941 1856 Praeterea
953 1813 1075 1858 omnes
1088 1787 1285 1860 sectionum
1298 1787 1552 1887 inscriptiones,
1574 1787 1755 1859 altioribus
1771 1785 1914 1858 eaedem
1926 1785 2034 1855 literis

21 1905 255 2004 conspicuae,
291 1903 467 1976 coloribus
492 1903 740 2000 insigniuntur,
776 1927 815 1978 nt
839 1927 874 1977 et
898 1907 1094 2010 numerales
1118 1909 1237 1980 literne
1263 1914 1416 1980 Graecae
1444 1933 1532 2004 quae
1558 1907 1731 1980 indicibus
1757 1928 1909 2005 quatuor
1934 1932 2036 2002 evan-

20 2028 198 2124 geliorum
223 2050 300 2124 pag.
331 2024 386 2097 19.
416 2025 472 2095 20.
502 2023 559 2114 21.
589 2025 669 2095 151.
700 2027 780 2098 152.
811 2025 891 2098 191.
922 2027 1002 2100 192.
1034 2029 1113 2103 193.
1142 2033 1224 2103 316.
1249 2031 1421 2132 praefixae
1447 2052 1545 2116 sunt,
1571 2031 1726 2127 itemque
1744 2029 1862 2100 literae
1874 2029 2033 2110 ‚initiales

20 2147 271 2246 capitulorum.
323 2151 462 2217 Praeter
485 2147 778 2219 consuetudinem
801 2169 870 2231 est,
898 2149 994 2246 quod
1017 2177 1272 2249 nonnunquam
1294 2154 1514 2234 observatur,
1540 2178 1609 2223 vox
1631 2150 1741 2223 minio
1756 2177 1864 2222 ‘mero
1889 2169 2032 2221 exarata.

19 2276 67 2339 In
93 2268 212 2368 primo
244 2265 474 2365 quaternione
505 2293 583 2366 pag.
611 2265 644 2338 5.
678 2271 782 2342 verba
814 2269 905 2340 initii
934 2275 1083 2343 BEATO
1109 2277 1251 2345 PAPAE
1276 2279 1460 2349 DAMASO
1485 2277 1766 2346 IlIERONIMUS
1795 2273 1905 2344 minio
1929 2271 2034 2371 picta.

18 2397 103 2488 Pag.
124 2391 157 2462 7.
183 2393 303 2462 verba:
330 2389 379 2463 In
400 2418 531 2462 canone
557 2393 588 2461 1.
615 2394 830 2465 concordant
848 2407 1025 2491 quattuor,
1051 2397 1089 2466 in
1106 2397 1255 2468 secundo
1276 2408 1354 2483 trec,
1381 2387 1419 2467 in
1440 2397 1537 2467 terlio
1557 2374 1622 2465 tries
1642 2405 1700 2465 cel.
1719 2395 1756 2464 in
1771 2393 1902 2465 decimo
1923 2389 1966 2462 P.
1984 2434 2035 2450 --

18 2519 205 2582 Praeterea
222 2510 342 2582 literae
360 2509 509 2581 initiales
528 2511 712 2582 nominum
732 2513 1028 2610 evangelistarum.
1078 2523 1156 2614 Pag.
1181 2516 1236 2590 15.
1259 2539 1334 2590 tota
1354 2517 1467 2617 prima
1485 2517 1576 2588 linea
1597 2517 1725 2601 minio,
1754 2535 1792 2585 ut
1812 2535 1846 2586 et
1870 2533 2031 2584 extrema.

18 2641 103 2728 Pag.
134 2633 190 2704 16.
223 2633 308 2703 item
336 2633 452 2732 prima
483 2633 584 2706 linea.
637 2640 820 2706 Caeterum
852 2662 917 2736 per
948 2657 1063 2708 totum
1094 2638 1223 2711 librum
1252 2640 1290 2710 in
1322 2639 1400 2738 ipso
1428 2638 1551 2710 ordine
1577 2663 1741 2710 versuum
1765 2635 1873 2706 semel
1899 2654 2034 2705 tantum

17 2775 150 2826 vocem
178 2753 318 2852 plenam
352 2753 462 2827 minio
483 2753 614 2853 pictam
639 2760 822 2829 observare
851 2783 907 2832 me
934 2761 1092 2848 memini,
1120 2764 1219 2862 (pag.
1246 2761 1311 2847 55,
1341 2757 1419 2860 15.)
1445 2791 1615 2855 apogeum.
1665 2761 1776 2831 Minio
1804 2783 1902 2830 mero
1928 2757 2032 2828 etiam

16 2880 155 2980 scripta
182 2893 264 2947 sant
296 2877 400 2947 verba
424 2905 511 2947 κατα
531 2883 737 2962 Mereatur,
757 2909 844 2951 κατα
865 2887 1024 2974 Μαρκον,
1045 2911 1132 2955 κατα
1151 2893 1306 2966 Λουκαν,
1326 2915 1412 2957 κατα
1432 2895 1597 2973 Inerant,
1630 2907 1737 2979 quae,
1770 2880 1924 2978 exceptis
1948 2903 2034 2977 pau·

18 2999 172 3072 cissimis
196 2997 309 3070 Marci
332 2998 424 3070 soliis
450 3021 539 3094 quae
564 2996 606 3067 iis
631 2998 735 3096 plane
762 3019 897 3086 carent,
925 3021 961 3072 et
984 3001 1105 3100 paucis
1123 3001 1306 3085 Matthaei,
1332 3003 1369 3072 in
1394 3003 1521 3101 quibus
1542 3007 1584 3076 ab
1604 3004 1669 3074 alia
1688 3029 1812 3088 manu,
1838 2986 2031 3073 atramento

17 3125 142 3196 addita
172 3140 275 3206 sunt,
312 3120 350 3191 in
383 3120 497 3190 fronte
530 3118 675 3217 paginae
709 3119 860 3192 cuiusvis
891 3121 1084 3221 conspicis,
1122 3125 1230 3196 semel
1260 3151 1337 3226 pag.
1368 3127 1425 3228 20.
1460 3128 1518 3200 21.
1551 3126 1685 3199 adiecta
1716 3127 1875 3198 versione
1910 3124 2031 3204 latina,

16 3264 217 3320 atramento
240 3243 378 3342 scripta.
428 3241 542 3335 Etiam
567 3242 839 3339 quaternionum
864 3244 984 3317 literae
1013 3245 1209 3326 numerales
1234 3249 1388 3318 Graecae
1416 3246 1595 3319 coloribus
1623 3265 1773 3319 ornatae.
1825 3246 1895 3316 Sed
1922 3245 2032 3316 minio

15 3367 145 3468 scripti
177 3364 276 3438 latini
309 3387 483 3434 canonum
509 3361 785 3435 Eusebianorum
817 3367 955 3436 numeri
981 3373 1012 3449 I,
1038 3373 1090 3453 ΙΙ,
1116 3373 1184 3451 ΙΙΙ,
1210 3375 1274 3440 IV.
1302 3375 1344 3455 V,
1371 3375 1532 3454 V1‚v11‚
1559 3376 1657 3454 VIII,
1683 3375 1752 3454 IX,
1778 3373 1823 3436 Χ.
1875 3374 1916 3437 In
1943 3393 2033 3436 mar·
2096 3361 2099 3367 ’
2169 3455 2177 3464 ἃ

15 3491 160 3589 ginibus
185 3485 397 3558 sectionibus
422 3484 662 3584 Ammonianis
688 3486 936 3569 subiiciuntnr,
962 3508 1002 3592 qt
1020 3513 1134 3560 canon
1160 3489 1202 3558 ad
1230 3513 1347 3585 quem,
1362 3488 1622 3587 respiciendum
1647 3487 1707 3574 sit,
1734 3487 1844 3558 minio
1870 3507 2030 3571 notatus,

12 3611 156 3686 facilius
174 3608 412 3704 distinguatur.
464 3611 647 3698 Praeterea
659 3605 731 3678 loci
749 3605 893 3702 qnidam
911 3607 1117 3706 singulares,
1144 3609 1315 3705 quaedam
1333 3610 1517 3707 singularia
1535 3607 1734 3682 ostendunt.
1786 3615 1837 3679 Ita
1851 3608 1889 3678 in
1906 3607 2031 3680 tabulis

12 3731 253 3833 generationis
282 3729 410 3826 largior
438 3728 601 3800 colorum
628 3755 726 3815 usus,
763 3728 897 3800 tamin
927 3730 1105 3801 Matthaeo
1130 3757 1236 3827 quarn
1264 3731 1301 3800 in
1327 3735 1432 3802 Luca.
1484 3737 1525 3801 In
1554 3731 1757 3830 recensione
1786 3731 2031 3830 apostolorum

13 3855 116 3956 apud
135 3859 294 3924 Marcum
310 3851 429 3920 literae
448 3848 626 3920 coloribus
651 3850 722 3921 sere
745 3851 959 3922 suffocantur
972 3849 1186 3950 insuperque
1202 3851 1312 3924 lineae
1331 3853 1460 3926 coloris
1478 3853 1558 3925 ssavi
1571 3854 1772 3926 nominibus
1788 3852 2028 3925 subiiciuntur.

9 3978 86 4050 Sed
117 3976 205 4046 haec
229 3970 409 4044 sufficiant.
460 3975 537 4042 Hoc
563 3997 676 4042 unum
699 3971 828 4043 addere
849 3963 952 4054 libet,
987 3958 1242 4072 coloresipsos
1264 3996 1337 4045 tarn
1362 3974 1480 4074 inepte
1503 3999 1622 4076 saepe,
1658 3994 1798 4071 tamque
1816 3967 2028 4049 ¹densissimo

10 4097 149 4171 rustice
169 4091 339 4195 penicillo
362 4091 547 4191 impositos
569 4117 661 4178 esse,
688 4113 729 4164 ut
747 4094 817 4163 sere
839 4117 1035 4192 puerorum
1057 4119 1147 4194 opus
1168 4094 1336 4168 videatur.
1386 4102 1518 4167 Tamen
1540 4098 1678 4169 colores
1698 4097 1845 4169 firmiter
1867 4097 2027 4178 haerent,

9 4220 119 4320 quasi
144 4218 267 4304 inusti,
294 4235 334 4288 ut
359 4215 477 4286 mirari
502 4206 572 4286 boe
598 4215 678 4286 satis
703 4239 777 4288 non
801 4215 944 4315 possim.
997 4215 1182 4286 Rarissime
1209 4217 1338 4290 coloris
1364 4218 1478 4316 aliqua
1503 4245 1583 4318 pars
1609 4218 1750 4290 decidit.

934 4366 940 4374 ι

957 4377 990 4478 §.
1032 4379 1088 4470 24.

114 4522 275 4607 Numeri,
302 4546 392 4620 quos
416 4519 454 4591 in
475 4519 590 4591 fronte
614 4519 782 4618 cuiusque
805 4518 949 4619 paginae
974 4519 1167 4618 conspicis,
1195 4519 1322 4592 arabici
1344 4540 1503 4592 accurate
1528 4503 1744 4621 respondent
1769 4520 1802 4592 ei
1822 4520 2028 4622 paginarum

6 4641 291 4747 computationi,
317 4667 406 4740 quae
425 4641 462 4712 in
479 4641 557 4742 ipso
575 4640 700 4714 codice
720 4640 762 4711 ad
783 4661 954 4714 extremas
974 4667 1051 4714 oras
1074 4643 1210 4713 rubrica
1230 4644 1317 4714 facta
1335 4663 1395 4716 est
1448 4646 1502 4716 Ab
1523 4669 1563 4716 eu
1582 4643 1676 4715 haud
1698 4641 1935 4714 secedendum
1954 4665 2026 4712 esse
2058 4667 2065 4678 ·

6 4765 223 4848 existimavi,
249 4783 290 4835 ut
313 4786 559 4862 comparaturo
583 4762 767 4835 facillimus
785 4763 899 4835 aditus
923 4784 1075 4863 pateret,
1103 4783 1138 4834 et
1159 4790 1220 4849 ne,
1246 4764 1276 4834 si
1300 4763 1362 4862 qui
1386 4763 1502 4864 ipsum
1528 4764 1689 4839 codicem
1711 4764 1749 4834 in
1774 4789 1877 4835 usum
1901 4787 2026 4837 vocare

1 4887 147 4972 velint,
184 4882 317 4985 duplex
343 4882 551 4955 numerandi
579 4884 667 4956 ratio
695 4883 851 4955 ineunda
880 4904 978 4955 esset.
1030 4889 1162 4956 Tamen
1187 4913 1262 4959 non
1288 4913 1434 4986 possum
1461 4913 1535 4960 non
1564 4909 1724 4968 monere,
1762 4885 1895 4958 codicis
1918 4883 2027 4984 ipsius

1 5005 321 5107 computationem
342 5026 461 5106 aperte
480 5006 599 5080 falsam
618 5033 701 5082 esse.
753 5011 804 5080 De
825 5005 950 5107 pagina
970 5007 1002 5078 5.
1023 5027 1057 5080 et
1078 5015 1112 5100 4.
1130 5007 1202 5080 hoc
1221 5008 1290 5080 iam
1309 5035 1415 5109 supra
1434 5007 1551 5082 docui.
1602 5005 1718 5078 Adiici
1738 5005 1834 5078 idem
1854 5004 1958 5076 debet
1981 5003 2025 5076 de
2115 5088 2120 5098 ,

0 5130 151 5228 paginis
173 5131 255 5200 511.
274 5153 370 5226 seqq.
424 5131 579 5226 Namque
596 5129 645 5202 ibi
666 5157 686 5202 a
704 5127 829 5229 pagine
851 5130 920 5201 511
946 5127 989 5200 ad
1010 5130 1080 5200 515
1103 5131 1277 5206 transitur.
1327 5130 1394 5202 Sed
1415 5131 1506 5206 inter
1524 5131 1586 5204 has
1612 5129 1752 5230 paginas
1776 5127 1932 5202 defectus
1953 5117 2026 5198 esse
