4764 6076
346 405 469 474 xxvi
1036 437 1039 444 ,
1167 395 1530 463 PROLEGOMENA

1201 577 1232 654 c
1259 579 1298 655 A
1323 577 1370 656 P.
1420 572 1504 652 vt.

346 792 447 872 nu
486 788 692 870 nouis
729 781 1216 866 manusculum
1252 775 1762 860 sinemurensis
1797 773 2349 856 manclnamuus.

1238 987 1463 1006 —um

1291 1117 1295 1130 Ι

1291 1169 1325 1269 §-
1352 1166 1411 1238 ee.

443 1343 484 1408 ln
514 1334 703 1407 tractandis
734 1335 804 1405 sere
840 1332 970 1404 omnis‘
988 1331 1123 1429 generis
1156 1329 1337 1404 codicibus
1366 1329 1461 1406 haud
1491 1329 1696 1402 facillimum
1729 1355 1821 1430 opus
1853 1349 1905 1400 est
1929 1351 2092 1414 notarum
2117 1330 2352 1428 marginalium

348 1457 547 1558 explicatio.
599 1457 662 1528 Vel
688 1455 785 1527 enim
809 1455 904 1526 lectu
930 1474 1011 1525 sunt
1035 1453 1222 1552 pleraeque
1250 1451 1339 1524 adeo
1366 1451 1540 1538 difficiles,
1566 1472 1606 1528 ut
1630 1453 1700 1522 sere
1728 1450 1940 1522 divinatione
1967 1477 2057 1552 opus
2075 1451 2136 1538 sit,
2161 1451 2191 1522 si
2208 1471 2353 1523 tantum-

346 1579 457 1652 modo
483 1579 633 1677 syllabae
662 1577 823 1649 extricari
848 1557 967 1648 velint.
1019 1578 1152 1645 Tamen
1178 1593 1275 1644 certo
1302 1574 1371 1644 iam
1397 1571 1542 1645 detectis
1566 1572 1651 1672 ipsis
1672 1598 1761 1669 quae
1778 1571 1924 1668 intelligi
1940 1571 2099 1643 librarius
2116 1573 2232 1645 voluit
2249 1575 2354 1644 nomi-

346 1703 465 1787 nibus,
492 1699 667 1772 difficilius
693 1700 798 1794 longe
824 1697 912 1767 illud
940 1716 1057 1783 restat,
1085 1691 1252 1795 reperire,
1279 1695 1364 1792 quid
1383 1694 1574 1792 significare
1598 1693 1671 1764 istis
1686 1693 1870 1792 cupiverit.
1922 1693 2112 1794 Utriusque
2132 1720 2199 1765 nos
2215 1693 2353 1790 quidem

347 1821 545 1922 periculum
561 1821 735 1891 faciamus.
763 1818 870 1912 Quod
884 1839 923 1889 ut
935 1818 1065 1890 rectius
1077 1817 1248 1916 procedat
1263 1817 1301 1888 in
1318 1837 1469 1914 quatuor
1486 1816 1608 1887 classes
1625 1835 1726 1896 notas
1744 1840 1866 1888 omnes
1883 1799 2128 1914 dispescamus,
2147 1841 2188 1886 ac
2206 1816 2354 1915 primum

303 2035 308 2044 ,
349 1941 495 2039 quidem
521 1944 565 2014 de
592 1942 633 2012 iis
660 1968 816 2038 agamus,
846 1941 972 2038 quibus
999 1939 1165 2012 orationis
1192 1960 1373 2011 contextae
1397 1964 1478 2039 pars
1504 1937 1675 2035 quaedam
1701 1936 1889 2036 repetitur3
1920 1936 2048 2008 deinde
2074 1936 2118 2008 de
2145 1937 2206 2022 iis,
2236 1939 2353 2033 quibus

349 2085 598 2160 argumentum
626 2062 723 2160 quod
751 2082 865 2133 textus
891 2083 1014 2136 tractat
1038 2061 1075 2131 in
1100 2062 1300 2132 universum
1327 2060 1542 2158 designatum
1570 2081 1644 2130 turn
1670 2059 1715 2130 de
1730 2079 1906 2130 canonum
1924 2078 1959 2130 et
1977 2059 2175 2131 sectionum
2190 2061 2354 2148 numeria

349 2184 505 2282 denique
534 2185 578 2255 de
605 2183 748 2281 reliquis
776 2183 938 2255 omnibus
963 2182 1057 2257 notis
1082 2181 1343 2279 marginalibus,
1381 2181 1425 2253 de
1461 2208 1610 2280 quarum
1643 2179 1854 2278 singularum
1885 2180 2018 2252 ratione
2049 2207 2138 2278 quae
2168 2209 2255 2252 cum
2283 2209 2355 2254 cou-

349 2326 448 2376 textu
473 2305 685 2393 intercedat,
714 2305 871 2402 quaestio
897 2294 1055 2403 specialis
1079 2301 1291 2375 instituenda
1317 2324 1378 2376 est.

436 2613 661 2706 speraveram
688 2608 846 2705 quidem,
872 2607 911 2676 in
935 2607 1115 2678 Matthaeii
1140 2631 1196 2676 me
1222 2603 1377 2678 editione
1405 2603 1626 2676 Boemeriani
1651 2604 1744 2694 haud
1772 2593 1897 2703 parum
1922 2603 2042 2680 auxilii
2068 2629 2140 2676 esse
2166 2625 2356 2675 nacturum.

350 2726 417 2798 Sed
444 2754 523 2826 spes
548 2755 606 2800 me
631 2729 761 2800 fefellit.
810 2733 967 2826 Namque
991 2729 1051 2799 hie
1069 2727 1122 2800 vir
1146 2725 1435 2834 laboriosissimus
1461 2723 1626 2798 historiae
1653 2726 1904 2802 ecclesiasticae
1930 2725 2020 2800 adeo
2046 2725 2112 2806 fuit
2136 2725 2301 2824 ignarus,
2329 2748 2358 2796 nt

150 2875 152 2890 ·
260 2889 267 2904 =
350 2851 388 2920 in
414 2849 604 2922 notissimis
630 2849 718 2921 adeo
743 2849 914 2922 haereret.
965 2849 1120 2922 O'mnino
1147 2847 1250 2919 etiam
1276 2847 1320 2918 de
1346 2847 1544 2944 diligentiae
1569 2847 1679 2947 ipsius
1704 2847 1773 2919 fide
1799 2847 1928 2927 sensim
1953 2847 2151 2946 sensimque
2170 2846 2358 2918 dubitatio

350 2996 414 3041 nes
444 2970 534 3040 mihi
566 2991 648 3040 sunt
678 2974 851 3042 subnatae.
912 2977 1069 3068 Namque
1102 2970 1139 3040 in
1168 2968 1347 3042 nonnullis
1381 2994 1463 3038 eum
1497 2989 1614 3067 aperte
1649 2989 1822 3041 errantem
1854 2969 2092 3071 deprehendi3
2134 2967 2196 3039 sed
2233 2968 2359 3066 ubique

352 3091 528 3164 obstinato
555 3091 688 3172 animo,
717 3118 805 3188 quae
831 3093 928 3191 prius
953 3112 1119 3173 senserat,
1147 3069 1403 3168 defendentem,
1423 3089 1552 3162 -Sed
1579 3091 1621 3161 ad
1648 3091 1846 3164 institutum
1872 3110 2042 3164 revertam
2068 3110 2103 3161 st
2127 3087 2200 3164 hoc
2228 3111 2360 3160 tantum

351 3213 390 3282 in
416 3211 619 3285 universum
644 3238 825 3292 moneam,
860 3210 902 3282 ad
930 3238 969 3284 ea
996 3212 1112 3285 omnia
1137 3211 1296 3283 hicnon
1322 3211 1465 3311 respici,
1500 3238 1588 3311 quae
1614 3213 1670 3286 vel
1694 3213 1821 3286 Graeci
1846 3212 1900 3285 vel
1926 3211 2040 3286 Latini
2065 3231 2179 3285 textus
2204 3238 2294 3312 pars
2321 3213 2361 3281 in-

352 3355 448 3430 tegra
474 3333 557 3420 sint,
599 3361 813 3432 quamquam
838 3333 876 3440 iu
900 3333 1055 3432 margine
1080 3332 1248 3432 legantur.

1283 3517 1317 3616 §-
1358 3509 1417 3585 aa.

448 3657 474 3718 Ι.
531 3649 710 3722 Orationis
736 3661 918 3722 contextae
939 3676 1027 3748 pars
1052 3649 1226 3748 quaedam
1253 3651 1307 3721 ad
1329 3653 1521 3745 marginem
1547 3653 1714 3750 repetitur.
1766 3659 1817 3724 Ita
1841 3678 1919 3752 pag.
1939 3651 1984 3722 25
2010 3670 2194 3742 nascente3
2222 3677 2311 3752 pag.
2330 3655 2365 3723 65

351 3787 514 3872 βρωμιυς,
551 3799 656 3870 supra
680 3771 812 3870 scripto
840 3796 968 3842 scurra.
994 3795 1073 3869 pag.
1099 3770 1144 3843 71
1173 3757 1296 3869 1πασῃ,
1325 3799 1402 3871 pag.
1432 3775 1518 3864 104,
1557 3773 1628 3844 268
1655 3795 1689 3846 et
1715 3775 1801 3856 561,
1837 3771 1907 3845 365
1933 3801 2105 3858 υποπαντη
2130 3775 2183 3844 bis
2211 3772 2368 3871 aliquau-

352 3916 427 3966 tum
455 3912 627 3994 mutatum
636 3923 646 3984 3
684 3919 762 3992 pag.
791 3891 863 3964 119
889 3896 1005 3976 δηλος;
1043 3918 1120 3992 pag.
1141 3894 1208 3961 151
1227 3889 1537 3966 homine'habenre
1555 3921 1697 3967 manum
1713 3893 1860 3986 aridam3
1885 3897 1969 3970 ibid.
1997 3897 2041 3970 de
2058 3897 2205 3968 muliere
2235 3896 2368 3967 fluxum

352 4013 528 4113 sanguinis
553 4013 722 4112 patiente3
748 4013 832 4084 ibid.
852 4014 1018 4104 caesaria3
1042 4040 1119 4113 pag.
1140 4013 1206 4086 171
1227 4014 1416 4106 descolus,
1437 4041 1515 4116 pag.
1535 4019 1605 4108 174
1622 4043 1707 4088 ναον
1733 4011 1794 4114 (in‘
1817 4037 1911 4102 textu
1938 4044 2029 4110 ιερον
2049 4023 2141 4118 est);
2179 4043 2264 4118 pag.
2310 4015 2368 4090 195

353 4131 553 4220 l‘af‘lZ'lfflGr'
606 4161 683 4234 pag·
726 4135 796 4207 196
835 4135 1014 4217 marram
1069 4160 1147 4235 pag.
1189 4137 1256 4210 197
1296 4137 1404 4228 ellde3
1457 4162 1535 4239 pag.
1572 4135 1642 4210 215
1681 4161 1819 4224 pravom
1859 4166 1937 4241 pag,
1972 4142 2043 4234 240
2085 4141 2198 4214 calcar
2238 4160 2368 4224 onage:

352 4293 430 4368 pag.
460 4255 536 4333 258
560 4256 789 4342 πὲρῑζωμαϊαῑ
821 4286 898 4359 pag.
928 4261 999 4331 262
1032 4277 1265 4356 ανζζκεωθνοις
1302 4285 1380 4358 pag.
1408 4260 1478 4332 265
1513 4285 1657 4344 marma,-
1695 4291 1772 4368 pag,
1808 4265 1879 4338 270
1906 4263 2045 4346 δραμιςς
2084 4291 2162 4366 pag.
2191 4265 2272 4338 278
2304 4259 2368 4354 γῖνς

353 4413 432 4486 pag.
457 4385 527 4457 285
554 4407 650 4467 ημις,·
691 4411 769 4483 pag,
799 4385 870 4476 284
895 4404 1053 4468 πραγμας
1086 4412 1164 4485 pag,
1191 4383 1262 4475 294
1289 4405 1500 4467 unoprepur3
1543 4416 1619 4489 pag,
1648 4393 1720 4462 306
1744 4407 1914 4471 πετασμας
1951 4419 2029 4492 pag,
2065 4389 2137 4462 509
2162 4409 2368 4476 manoperam

273 4550 275 4562 ¹
354 4534 432 4607 pag.
462 4507 533 4600 524
559 4506 741 4607 negotium
757 4513 942 4592 ἐμποριοςς
973 4535 1052 4614 pag.
1080 4509 1150 4582 585
1178 4527 1344 4590 απεκοπης
1376 4539 1453 4614 pag.
1483 4512 1551 4583 125
1579 4515 1865 4612 angariraverunt.
2080 4533 2083 4540 '

1177 4737 1182 4744 -
1298 4693 1331 4790 s.
1369 4692 1427 4762 se.

456 4830 501 4894 ¹In
525 4823 731 4896 uuiversum
756 4825 991 4898 iudicantibus
1016 4853 1091 4902 non
1116 4829 1241 4902 eadem
1267 4829 1311 4900 de
1339 4855 1440 4901 causa
1464 4829 1552 4904 haec
1575 4833 1696 4904 omnia
1711 4832 1859 4939 repetita
1874 4857 1948 4904 esse
1964 4831 2187 4904 videbuntur.
2242 4834 2368 4906 Partim

310 4969 313 4978 ·
355 4943 452 5019 enim
478 4943 610 5018 iccirco
636 4947 796 5047 apposita
822 4973 895 5020 esse
920 4949 1102 5038 videntur,
1140 4971 1180 5021 ut
1197 4975 1286 5047 ,quo
1317 4950 1402 5024 loco
1435 4951 1479 5024 de
1514 4979 1550 5024 re
1584 4953 1736 5052 quadam
1767 4953 1901 5028 mentio
1933 4954 2062 5058 iniecta
2093 4953 2138 5026 sit
2169 4954 2368 5030 faciliusu

355 5065 479 5139 oculos
517 5066 671 5140 incurrat
707 5069 837 5168 partim
886 5072 967 5144 artis
1013 5071 1266 5174 etymologicae
1310 5074 1547 5178 experimenta
1589 5097 1707 5174 eaque
1741 5075 1836 5148 haud
1872 5075 1981 5152 semel
2001 5087 2249 5154 'monstruosa
2292 5082 2368 5154 lacu
