4764 6076
358 435 444 501 XlV
1194 419 1554 486 PROLEGOMENA

248 585 251 592 Ι
360 614 560 717 quaternio,
586 608 647 682 sed
673 606 815 705 quinio,
842 629 952 700 quum
978 601 1134 702 quinque
1159 600 1286 671 chartis
1308 601 1542 699 pergamenis,
1571 597 1694 671 decem
1720 598 1812 671 foliis
1839 618 1873 668 et
1899 598 2022 695 viginti
2048 599 2182 698 paginis
2208 621 2353 682 constet,

357 763 391 814 et
418 769 436 811 a
460 761 539 836 pag.
569 733 650 803 111.
678 753 795 826 usque
820 727 901 796 150.
928 723 1009 795 incl.
1034 725 1244 824 porrigatur.
1295 724 1425 794 Ultima
1453 722 1577 821 pagina
1607 749 1715 796 vacua
1741 741 1793 796 est
1821 720 1940 793 literis.
1993 724 2188 815 Quaternio
2218 743 2353 796 octavus

355 869 444 937 bene
465 861 580 932 habet.
630 857 677 925 At
699 875 865 924 numerus
888 847 1143 945 quaternionis,
1169 846 1198 917 si
1223 871 1265 916 ex
1287 865 1480 917 atramento
1506 865 1541 916 et
1568 845 1766 916 charactere
1792 855 1853 918 τοῦ
1873 855 1918 917 Η
1938 845 2102 941 colligere
2122 846 2225 931 licet,
2255 847 2352 917 serius

357 986 504 1060 additus.
547 984 624 1050 Hoc
640 975 736 1047 idem
751 973 795 1043 de
814 969 1042 1068 quaternione
1060 995 1175 1050 nono,
1197 965 1351 1056 decimo,
1375 969 1566 1040 undecimo
1583 969 1691 1054 valet,
1719 969 1781 1065 qui
1799 993 1921 1041 omnes
1936 968 1980 1039 ad
1997 975 2155 1039 Marcum
2169 971 2351 1067 pertinent.

356 1103 543 1182 Undecimi
562 1094 800 1200 quaternionis
815 1092 959 1196 paginae
984 1092 1064 1165 191.
1085 1092 1165 1165 192.
1187 1091 1267 1164 195.
1287 1091 1352 1162 alia
1373 1117 1479 1162 manu
1498 1090 1638 1188 alioque
1655 1080 1861 1164 atramentoss
1910 1089 2104 1186 Quaternio
2125 1089 2352 1162 duodecimus

356 1252 448 1306 recte
471 1228 586 1298 habet.
637 1225 769 1291 Tamen
792 1241 835 1287 eo
863 1215 958 1297 loce,
994 1215 1055 1286 ubi
1077 1216 1146 1285 iam
1172 1213 1411 1314 quaternionis
1437 1239 1603 1283 numerus
1626 1217 1781 1288 Graecus
1810 1233 1973 1314 apparet,
2009 1213 2105 1314 prius
2130 1212 2226 1283 aliud
2258 1211 2352 1282 fuisse

354 1353 502 1428 videtur.
550 1353 706 1441 Namque
729 1365 846 1412 rasura
865 1357 926 1408 est.
978 1337 1090 1407 Huius
1114 1335 1353 1434 quaternionis
1381 1336 1506 1435 pagina
1533 1356 1684 1408 extrema
1713 1357 1747 1407 et
1772 1336 1949 1434 sequentis
1974 1336 2098 1436 pagina
2121 1336 2238 1434 prima
2267 1334 2351 1405 solae

354 1479 391 1549 in
413 1472 533 1546 medio
558 1469 648 1540 libro
673 1464 793 1536 colore
813 1458 917 1530 viridi
939 1459 1083 1556 fulgent.
1135 1459 1278 1558 Saepius
1292 1459 1339 1528 ‘in
1357 1458 1454 1530 libris
1469 1485 1585 1530 -rnanu
1612 1459 1756 1531 exaratis
1781 1459 1853 1532 hoc
1878 1461 2074 1532 observasse
2101 1458 2188 1528 mihi
2213 1457 2352 1541 videor,

354 1620 394 1672 ut
409 1594 557 1678 librarii,
583 1592 613 1662 si
630 1607 743 1689 partes
762 1581 961 1678 inaequales
980 1581 1198 1680 copulandae
1217 1601 1330 1652 essent
1351 1581 1539 1663 librorum,
1565 1584 1620 1652 vel
1643 1608 1737 1654 novo
1758 1601 1950 1654 atramento
1974 1580 2137 1663 inducto,
2163 1581 2220 1650 vel
2239 1578 2352 1650 colore

354 1717 532 1800 adhibito,
567 1730 743 1782 externam
765 1705 920 1804 speciem
944 1704 1039 1776 iuxta
1062 1730 1097 1775 se
1121 1702 1317 1804 positarum
1338 1703 1544 1804 paginarum
1566 1703 1808 1788 emendarent,
1835 1724 1870 1776 et
1893 1704 2158 1776 similitudinem
2180 1701 2353 1798 quandam

355 1843 539 1914 efficerent.
590 1828 783 1925 Quaternio
810 1826 932 1897 tertius
954 1825 1130 1913 decimus,
1167 1847 1308 1923 quartus
1336 1827 1511 1908 decimus,
1550 1827 1692 1923 quintus
1718 1826 1876 1900 decimus
1902 1827 2000 1925 pleni
2024 1846 2114 1895 sunt.
2165 1831 2207 1895 In
2233 1823 2352 1893 murno

355 1957 591 2061 quaternionis
612 1977 779 2026 numerus
801 1955 955 2020 Graecus
976 1975 1093 2020 rasura
1112 1950 1219 2021 deest.
1269 1954 1392 2020 Sextus
1412 1949 1569 2022 decimus
1590 1950 1774 2046 quaternio
1792 1953 1926 2022 Graece
1944 1950 2005 2022 IZ
2017 1948 2219 2044 insignitur,
2249 1973 2353 2042 quun

352 2085 405 2159 IS
434 2067 506 2155 esse
540 2079 674 2149 debeat.
726 2081 778 2143 Ita
806 2098 870 2168 per
902 2083 1014 2142 totum
1046 2071 1214 2170 reliquum
1246 2072 1372 2144 librum
1402 2071 1541 2142 numeri
1574 2072 1700 2142 Graeci
1732 2071 2018 2164 confunduntur3
2050 2073 2184 2139 Graeca
2218 2088 2291 2138 tres
2326 2089 2352 2137 et

351 2205 472 2303 viginti
498 2197 745 2298 quaterniones
769 2213 974 2279 numerant,
1000 2194 1121 2264 Latina
1147 2213 1240 2266 recte
1266 2194 1303 2262 in
1329 2193 1467 2265 duobus
1493 2214 1528 2264 et
1551 2193 1673 2290 viginti
1698 2192 1898 2266 subsistunt.
1950 2191 2207 2288 Quatemiones
2236 2219 2351 2264 omnes

353 2327 479 2426 reliqui
505 2344 588 2397 octo
614 2319 706 2392 soliis
732 2334 908 2395 constant,
933 2315 1058 2388 Latino
1084 2321 1171 2386 XXI
1198 2337 1363 2415 excepto,
1390 2317 1467 2413 qui,
1494 2315 1620 2388 ultimo
1641 2315 1727 2388 solio
1747 2336 1921 2400 exsecato,
1948 2334 2083 2414 septem
2107 2316 2351 2386 tantummodo

351 2453 465 2522 habet.
517 2444 610 2518 Folii
642 2439 791 2512 exsecati
823 2436 989 2532 reliquiae
1016 2439 1236 2538 conspicuae.
1289 2443 1421 2511 Tamen
1445 2437 1535 2510 nihil
1561 2438 1674 2520 deest,
1708 2458 1743 2510 et
1767 2461 1844 2538 pag.
1873 2435 1944 2508 356
1970 2440 2074 2510 verba
2099 2435 2351 2507 accuratissime

349 2567 575 2672 praecedenti
599 2563 742 2663 paginae
769 2583 839 2631 tam
865 2560 962 2656 quod
989 2561 1032 2631 ad
1057 2561 1277 2668 sententiam,
1305 2588 1410 2657 quam
1435 2560 1533 2659 quod
1559 2559 1602 2630 ad
1628 2561 1744 2634 literas
1769 2560 1971 2638 cohaerent,
2024 2563 2140 2653 Quare
2159 2558 2288 2630 lolium
2314 2563 2368 2628 ob,

350 2695 495 2766 nimiam
520 2687 724 2760 tenuitatem
749 2704 784 2754 et
809 2682 1025 2778 fragilitatem
1050 2692 1224 2755 remotum
1251 2709 1322 2754 esse
1349 2683 1569 2755 crediderim.
1619 2689 1707 2754 Nam
1731 2683 1857 2755 solium
1877 2681 2083 2782 parallelum
2107 2678 2154 2749 ita
2174 2678 2353 2749 iudicandi

350 2815 442 2886 viam
465 2811 567 2883 nobis
593 2825 853 2880 commonstrat.
904 2810 987 2876 Post
1020 2805 1286 2904 quaternionem
1315 2806 1518 2877 vicesimum
1551 2805 1764 2888 secundum,
1799 2803 2070 2902 semiquaternio
2103 2801 2176 2873 sine
2203 2827 2352 2871 numero

352 2936 394 3007 ad
421 2931 677 3034 perficiendum
702 2928 917 3024 evangelium
943 2926 1082 3036 Ioannis
1108 2927 1266 3000 additum
1292 2951 1351 3000 est.

1257 3111 1290 3209 q.
1331 3109 1388 3181 aa.
1471 3200 1475 3220 1

314 3347 319 3352 ⁵
448 3249 511 3320 Vix
528 3273 673 3348 possum
691 3246 797 3330 ellari,
825 3233 1000 3341 quantum
1021 3243 1175 3330 doleam,
1203 3244 1299 3341 quod
1325 3245 1368 3316 de
1386 3247 1522 3318 Scotiea
1539 3246 1617 3317 libri
1634 3246 1747 3318 nostri
1765 3247 1936 3345 scriptura
1951 3273 2025 3319 non
2039 3245 2138 3317 valeo
2159 3245 2353 3315 accuratius

334 3379 477 3450 dicere.
534 3378 612 3443 Non
651 3370 745 3442 enim
784 3367 871 3438 mihi
904 3366 1071 3462 contigit,
1109 3365 1266 3439 adhibito
1299 3367 1472 3440 indefesso
1507 3367 1724 3464 quaeritandi
1753 3369 1889 3455 studio,
1929 3390 1969 3440 ut
1998 3369 2125 3441 Iacobt‘
2154 3369 2355 3440 Anderson¹

349 3519 525 3599 syntagma
543 3491 825 3591 diplomaticum,
851 3515 923 3587 quo
942 3489 1076 3560 Scotiae
1095 3489 1400 3590 palaeographiam
1415 3490 1614 3573 illustravit,
1641 3517 1731 3590 opus
1749 3521 1767 3564 a
1784 3492 2031 3576 Marmoreae,
2057 3491 2188 3564 Eberlo
2206 3489 2352 3588 aliisque

349 3623 578 3701 celebratum,
613 3613 740 3685 alicubi
763 3611 1003 3708 investigarem
1026 3633 1060 3683 et
1084 3611 1121 3682 in
1141 3638 1239 3685 meos
1265 3641 1347 3686 usus
1371 3634 1623 3688 converterem.
1675 3614 1821 3686 Interim
1844 3635 1959 3686 autem
1979 3612 2147 3712 praetuli,
2181 3612 2225 3686 de
2258 3613 2352 3685 omni

348 3740 415 3811 hac
441 3765 478 3809 re
504 3758 634 3822 tacere,
661 3761 766 3832 quam
791 3733 937 3832 ineptias
963 3734 1106 3805 effutire.
1201 3809 1202 3812 Ἴ

1282 3917 1313 4015 q.
1355 3920 1411 3988 aa.

446 4050 671 4122 similitudini
693 4049 825 4121 codicis
853 4052 1096 4148 sangallensis,
1130 4079 1235 4150 quam
1264 4055 1518 4125 accuratissime
1548 4054 1739 4156 archetypo
1769 4055 1981 4156 respondere
2010 4057 2203 4143 voluimus,
2243 4059 2353 4131 aliena

347 4175 475 4246 addere
501 4174 614 4271 iisqne
642 4173 828 4270 imaginem
856 4173 1049 4246 deformare
1076 4201 1148 4249 non
1174 4177 1408 4252 sustinuimus.
1461 4180 1577 4270 Quare
1601 4205 1657 4263 ea,
1696 4205 1784 4275 quae
1813 4178 1868 4252 vel
1895 4176 2150 4252 dubitationem
2174 4179 2353 4253 lectorum

346 4321 487 4369 movere
502 4295 717 4379 viderentur,
743 4297 799 4368 vel
816 4323 903 4393 quae
923 4323 964 4368 ex
982 4297 1130 4397 imagine
1150 4299 1238 4372 disci
1254 4326 1329 4372 non
1343 4321 1503 4400 possent,
1530 4300 1573 4371 ad
1592 4301 1725 4373 calcem
1740 4301 1821 4374 libri
1841 4302 2040 4374 adiecimus.
2091 4302 2167 4375 Erit
2183 4305 2368 4390 sortasse‚¹

346 4418 408 4516 qui
426 4418 575 4488 nimium
594 4419 631 4489 in
651 4421 718 4492 hac
740 4442 775 4490 re
796 4417 899 4492 fuisse
922 4447 978 4493 me
1000 4419 1170 4494 existimet
1178 4454 1188 4514 3
1215 4421 1281 4494 erit
1307 4423 1427 4510 etiam,
1455 4423 1584 4520 quide
1609 4425 1682 4495 aliis
1709 4425 1831 4513 etiam,
1858 4451 1946 4523 quae
1971 4450 2046 4498 non
2070 4423 2184 4522 tetigi,
2211 4425 2354 4498 moneri

344 4538 472 4639 cupiat.
523 4539 616 4610 Fieri
639 4566 712 4614 non
737 4563 870 4642 potest,
906 4564 945 4616 ut
970 4543 1007 4613 in
1032 4545 1128 4616 hisce
1159 4547 1320 4618 omnibus
1345 4547 1553 4646 placeamus.
1605 4551 1739 4620 Tamen
1770 4547 1882 4621 nimio
1916 4571 2021 4646 quam
2055 4545 2232 4621 contrario
2269 4573 2354 4648 pec-

344 4687 421 4733 care
448 4661 564 4733 malui.

1280 4838 1313 4937 q.
1349 4836 1405 4904 51.

436 4981 556 5051 Unum
577 4977 651 5080 ipse
676 4981 822 5058 editioni
845 4982 978 5057 codicis
1002 4985 1139 5075 addidi,
1167 4985 1274 5087 quod⁴
1290 4987 1327 5058 in
1349 4986 1473 5060 codice
1495 4986 1573 5088 ipso
1590 5005 1665 5062 non
1691 5009 1751 5062 est.
1803 4987 1941 5062 adiecti
1959 5010 2041 5064 sunt
2064 5015 2181 5064 versus
2200 4991 2352 5090 Stepha-

338 5101 448 5184 niani,
475 5102 609 5177 adicem
625 5103 730 5186 etiam
751 5107 863 5206 capita
882 5107 1015 5182 usitata.
1067 5110 1304 5184 Necessarium
1322 5111 1393 5184 hoc
1410 5111 1557 5185 omnino
1576 5112 1776 5200 videbatur,
1803 5133 1843 5185 ut
1859 5114 1949 5188 liber
1966 5111 2118 5186 habilior
2136 5111 2214 5183 usui
2234 5095 2368 5184 fieret⁷
