4764 6076
263 379 325 444 ott
348 378 487 444 ttotts
506 375 829 443 MANUSCRIPTI
849 376 1200 464 sattttALLErtsts
1221 377 1585 443 MAllGlNALlBUS.
1627 376 1729 444 cat’.
1749 382 1812 448 vt.
1878 379 2038 448 XXXIX

35 551 271 653 expositiones
291 556 511 641 scribentem,
536 553 574 624 in
591 553 805 680 praefatione
828 579 916 630 voce
935 553 1127 628 cantalenas
1148 580 1251 628 usum
1273 579 1364 640 esse,
1400 554 1497 652 quod
1520 554 1669 654 potioris
1689 557 1883 656 argumenti
1902 583 2038 632 memor

36 696 118 756 erat.

981 818 1015 920 ς.
1041 815 1100 890 ss.

131 953 172 1018 In
194 967 316 1021 nostro
348 947 473 1021 codice
506 973 548 1018 eo
576 948 647 1018 sere
674 971 778 1018 sensu
808 973 915 1044 quem
942 951 1113 1028 Notlterus
1140 923 1320 1050 exposuit,
1357 947 1576 1048 deprehendi
1600 949 1662 1021 bas
1685 950 1816 1034 literas·

87 1074 128 1140 Α.
178 1069 232 1140 Bis
261 1089 397 1140 tantum
422 1067 651 1142 animadverti
674 1067 807 1168 paginis
825 1069 894 1142 527
922 1089 957 1142 et
977 1067 1060 1147 557.

92 1194 129 1260 C.
181 1195 223 1261 In
246 1191 381 1291 paginis
407 1189 580 1285 sexaginta
604 1213 755 1276 novem,
780 1190 828 1262 ita
852 1210 892 1262 ut
916 1192 954 1261 in
978 1191 1159 1265 nonnullis
1182 1192 1291 1263 semel
1316 1211 1463 1278 tantum,
1490 1191 1527 1300 in
1553 1191 1627 1300 aliis
1651 1191 1715 1279 bis,
1740 1191 1778 1262 in
1803 1193 1877 1264 aliis
1902 1195 2038 1294 saepius

178 1311 381 1410 reperiatur.
432 1315 474 1380 Iu
498 1307 676 1382 Matthaeo
702 1311 836 1410 paginis
861 1311 944 1385 solis
961 1314 1023 1404 41,
1048 1313 1115 1403 46,
1140 1314 1207 1402 47,
1233 1313 1299 1398 78,
1325 1312 1374 1386 92
1393 1312 1576 1410 detegitur.
1628 1318 1694 1384 Per
1709 1313 1854 1384 alteram
1870 1313 2035 1385 Matthaei

175 1449 314 1529 partem
346 1447 381 1500 et
408 1453 475 1526 per
506 1449 622 1504 totum
653 1437 813 1503 Marcum
841 1459 885 1506 ne
919 1432 1102 1533 vestigium
1135 1433 1289 1532 quidem.
1339 1442 1381 1507 In
1412 1435 1537 1535 pagina
1564 1435 1653 1522 196,
1690 1459 1778 1532 quae
1805 1454 1857 1536 est
1880 1434 2033 1508 secunda

158 1551 304 1636 ‘Lucae,
330 1547 486 1647 primum
514 1549 615 1622 redit.

89 1675 130 1743 E.
181 1677 261 1768 Pag.
287 1671 347 1742 60.
373 1695 451 1770 pag.
477 1670 537 1750 92.
562 1697 642 1771 pag.
669 1671 751 1764 264.
779 1670 862 1768 (hic
886 1676 993 1747 rubro
1019 1675 1140 1749 colore
1165 1676 1328 1776 pictum.)
1443 1695 1444 1700 ’

90 1795 134 1863 K.
184 1792 298 1863 Semel
321 1816 399 1891 pag.
427 1791 496 1862 211
525 1811 652 1880 exstat,
685 1817 760 1866 non
784 1794 982 1866 affinnarim
1007 1819 1110 1869 sensu
1134 1798 1355 1894 Notltem'ano.
1441 1858 1443 1864 ,
1552 1871 1555 1878 .

90 1915 130 1983 L.
183 1919 224 1984 In
248 1911 382 2012 paginis
407 1914 624 2012 septuaginta
649 1913 761 1984 tribus
785 1916 1020 2016 conspicitur,
1046 1919 1172 2006 semel,
1196 1919 1249 1992 bis
1271 1939 1384 2003 terve,
1408 1943 1475 2019 per
1490 1919 1641 2018 singulas
1661 1923 1813 2022 paginas.
1867 1930 1908 1994 In
1922 1926 2038 1998 omni·
2149 1901 2152 1908 Ι

176 2036 241 2106 bus
266 2033 355 2106 locis
379 2031 532 2108 Notkeri
554 2033 727 2134 expositio
751 2034 874 2108 locum
898 2037 1026 2120 habere
1051 2060 1177 2139 potest.

83 2160 126 2232 N.
178 2155 232 2227 Bis
259 2175 396 2226 tantum
419 2153 547 2251 legitur
570 2180 649 2254 pag.
676 2153 743 2242 55,
770 2157 829 2229 70.
886 2159 955 2230 Sed
980 2161 1100 2261 priore
1125 2163 1208 2239 loco
1235 2179 1332 2237 ccrto
1358 2165 1533 2232 Graecum
1560 2182 1627 2244 est,
1654 2163 1757 2234 etad
1785 2169 2037 2252 0101000010-

183 2275 352 2366 rendum;
377 2274 487 2347 altero
512 2276 596 2348 loco
621 2276 741 2350 nescio
767 2297 887 2350 utrum
910 2285 950 2353 N.
977 2309 1020 2354 an
1044 2289 1087 2356 Η.
1115 2309 1188 2356 esse
1215 2284 1339 2356 dicam.

87 2404 123 2470 P.
176 2397 278 2469 Nude
301 2395 459 2496 positum
483 2397 592 2469 semel
617 2417 753 2488 tantum
778 2401 906 2498 reperi.¹
953 2405 1074 2496 Quum
1098 2405 1289 2478 Notltetum
1311 2427 1387 2475 non
1411 2401 1620 2500 intelligam,
1647 2405 1760 2479 multo
1786 2405 1901 2478 minus
1926 2432 2034 2505 expo-

176 2518 340 2594 sitionem
363 2518 582 2616 probabilem
606 2518 712 2590 huius
735 2519 856 2593 literae
881 2524 1009 2596 referre
1033 2550 1189 2626 possum.
1238 2524 1383 2597 Lineola
1405 2525 1624 2624 supraposita
1642 2526 1915 2599 abbreviaturam
1931 2527 2051 2622 signig

176 2639 257 2714 ficas
280 2637 429 2737 uulgaris
455 2639 719 2712 consuetudinis
740 2667 838 2738 prae.
888 2641 997 2738 Quod
1022 2643 1060 2716 in
1083 2644 1180 2716 hunc
1204 2646 1326 2719 locum
1350 2671 1424 2719 non
1450 2645 1607 2742 quadrat.
1669 2650 1786 2741 Quare
1811 2648 1907 2720 idem
1932 2649 2036 2748 signi-

176 2759 279 2832 ficare
306 2759 488 2866 existimo,
514 2762 611 2860 quod
637 2766 691 2834 Ps.
742 2763 850 2858 Quod
876 2764 966 2838 vide.

80 2884 127 2975 Q.
177 2881 310 2952 Tricies
336 2901 455 2954 exstat.
513 2881 725 2978 Significatio
752 2909 840 2982 quae
866 2912 886 2956 a
909 2885 1064 2958 Notlero
1089 2884 1174 2957 huic
1199 2886 1319 2958 literae
1344 2884 1541 2958 vindicatur
1565 2888 1655 2960 adeo
1680 2915 1764 2985 vaga
1789 2908 1854 2975 est,
1897 2911 2034 2964 utnon
2148 2923 2150 2928 ·

178 3001 327 3102 amplius
353 3002 615 3077 immorandum
639 3003 693 3075 sit.
746 3004 860 3077 Facile
887 3005 981 3077 enim
1005 3004 1044 3076 in
1069 3006 1189 3103 quavis
1212 3005 1305 3080 linea
1334 3006 1464 3104 aliquid
1491 3009 1659 3108 reperies,
1686 3009 1723 3080 in
1746 3037 1820 3108 quo
1841 3036 1903 3084 cur
1916 3014 2035 3109 quaeri
2070 3032 2073 3038 ’

176 3144 298 3223 possit.

84 3251 127 3317 ll.
178 3245 261 3316 Plus
288 3269 393 3342 qttam
419 3243 549 3316 centies
573 3245 611 3316 in
637 3245 770 3318 codicis
795 3245 948 3346 margine
974 3246 1238 3346 scriptumest,
1265 3247 1335 3318 fere
1361 3273 1500 3346 semper
1524 3247 1591 3320 hac
1615 3251 1727 3323 forma
1753 3253 1818 3350 (Γ),
1844 3251 1905 3322 sed
1932 3255 2035 3324 etiam

180 3365 247 3436 hac
273 3367 337 3462 (tt)
362 3364 603 3440 minutissima.
652 3368 698 3440 Iis
730 3369 818 3441 locis
852 3368 1027 3441 adiectum
1056 3393 1128 3439 esse
1161 3367 1250 3453 vidi,
1282 3367 1334 3439 ‘de
1360 3394 1514 3464 quorum
1538 3369 1593 3440 vel
1617 3371 1768 3442 lectione
1794 3370 1850 3444 vel
1875 3372 2033 3444 versione

176 3486 320 3559 librario
345 3511 419 3559 non
445 3491 641 3575 constabat,
666 3489 704 3558 in
729 3487 855 3586 quibus
879 3489 985 3587 igitur
1008 3488 1119 3588 spatia
1143 3515 1250 3562 vacua
1276 3487 1508 3585 relinquebat,
1535 3516 1623 3586 quae
1650 3491 1794 3589 quidem
1818 3491 1960 3563 veritate
1982 3492 2034 3562 in-

173 3627 296 3694 venta,
323 3605 455 3707 repleta
477 3628 577 3695 sunt,
604 3628 639 3681 at
661 3635 746 3681 vero
768 3609 936 3708 pleraque
964 3633 1075 3706 usque
1099 3608 1143 3678 ad
1166 3628 1285 3680 nostra
1306 3629 1467 3710 tempora
1491 3611 1712 3684 duraverunt.
1894 3615 1897 3622 ’

76 3737 113 3802 Z.
170 3737 263 3803 Haec
288 3729 389 3802 litera
415 3728 535 3801 formis
564 3717 782 3826 aliquantum
814 3729 1023 3803 variantibus
1047 3726 1084 3798 in
1106 3729 1187 3827 plus
1215 3756 1321 3827 quam
1349 3751 1492 3802 centum
1521 3733 1609 3804 locis
1633 3733 1768 3830 legitur.
1819 3737 1860 3802 In
1881 3730 2035 3808 Nathan·

172 3850 414 3953 explanatione
439 3849 733 3946 acquiescendum
759 3851 847 3922 mihi
876 3875 950 3921 esse
974 3847 1122 3923 videtur.
1182 3851 1390 3924 Matthaeius
1412 3853 1456 3924 ad
1481 3853 1751 3925 Boernerianum
1772 3880 1816 3925 ne
1840 3855 2032 3954 suspicatus

178 3972 323 4069 quidem
349 3989 419 4056 est,
446 3971 536 4042 Zeta
559 3971 618 4043 illa
641 3974 764 4046 notula
789 3998 895 4070 quam
920 3971 1066 4041 miratur
1085 3973 1342 4072 repraesentari.
1580 3983 1585 3992 '

123 4263 219 4332 Haec
240 4259 285 4332 de
312 4259 443 4331 Latinis
465 4257 693 4360 simplicibus.
755 4263 874 4329 Restat
894 4276 935 4328 ut
958 4255 1003 4327 de
1025 4253 1134 4328 literis
1155 4237 1222 4344 133,
1261 4283 1350 4356 quae
1373 4259 1571 4359 saepissime
1594 4261 1801 4334 coniunctae
1825 4283 2032 4349 occurrunt,

18 4383 130 4452 verba
156 4379 254 4454 fiant
305 4385 400 4453 llaec
432 4381 514 4454 loca
542 4377 736 4454 observari:
775 4403 852 4477 pag.
884 4381 931 4471 24
961 4377 1042 4478 (bis)
1069 4404 1148 4478 pag.
1179 4375 1245 4466 56,
1272 4382 1338 4467 75,
1367 4378 1456 4467 105,
1484 4382 1572 4468 212,
1602 4381 1690 4467 252,
1718 4381 1802 4463 267,
1829 4382 1915 4469 285,
1944 4383 2032 4474 504,

19 4501 118 4589 506,
147 4499 230 4575 555.
281 4503 382 4575 Licet
402 4500 626 4579 Waltltenis
646 4500 683 4570 in
705 4499 820 4572 lexico
843 4525 908 4572 suo
936 4473 1228 4600 diplomaticops
1253 4499 1451 4600 saepissime
1476 4501 1699 4600 explicuerit,
1725 4522 1843 4573 tamen
1862 4529 2035 4600 nusquam

16 4626 87 4709 ita,
125 4645 167 4696 ut
198 4623 288 4696 liber
307 4645 430 4696 noster
455 4623 624 4721 efflagitat.
694 4619 775 4693 Sine
804 4622 875 4694 ulla
907 4621 1001 4693 enim
1033 4621 1255 4696 cunctatione
1284 4649 1448 4720 praesens
1469 4622 1541 4694 hoc
1568 4622 1820 4721 compendium
1846 4623 2034 4722 explanan-

16 4746 108 4818 dum
133 4765 194 4826 est,
253 4744 431 4817 Sescentis
454 4746 549 4816 enim
571 4743 659 4817 locis
681 4743 718 4812 in
737 4742 828 4814 libro
849 4742 1059 4842 Sangallensi
1078 4742 1171 4814 linea
1189 4743 1311 4816 literae
1335 4741 1474 4816 cuidam
1503 4745 1744 4844 superaddita,
1784 4771 1844 4816 rae
1869 4743 2031 4817 ostendit.

16 4869 142 4960 Quare
168 4885 288 4965 aperte
309 4891 413 4962 praes
438 4865 637 4964 legendum.
688 4863 796 4958 Quod
817 4865 917 4946 nullo
949 4863 1018 4938 elio
1037 4863 1148 4937 modo
1173 4865 1305 4966 expleri
1326 4885 1454 4965 potest
1516 4866 1552 4937 Si
1577 4885 1648 4938 tam
1668 4867 1781 4938 nostri
1803 4865 1937 4938 codicis
1956 4865 2035 4938 loca

16 4989 145 5074 citata,
183 5011 289 5084 quam
318 4987 543 5058 Bocmeriani
567 5013 648 5087 pag.
673 4982 743 5080 55,
776 4985 842 5072 88,
868 5012 954 5060 vcrs.
984 5005 1019 5064 tt
1040 4985 1107 5072 95,
1144 4987 1332 5087 evolveris,
1368 4987 1407 5062 in
1428 4987 1502 5059 sola
1527 4987 1670 5060 sortasse
1697 4986 1822 5088 pagina
1848 4983 1895 5056 56
1923 4983 2034 5058 nostri
