4764 6076
665 419 902 487 EDlTlONlS
927 417 1199 484 CONSILIUM.
1242 415 1346 487 CAP.
1369 419 1413 480 ll.

966 605 1000 704 §-
1043 602 1099 672 16.

131 745 218 818 Inde
244 767 317 818 non
340 739 533 839 colligitur,
559 763 632 836 quo
660 760 820 838 tempore
847 738 929 812 cum
951 759 1073 811 nostro
1094 738 1153 808 ille
1180 736 1315 836 primus
1336 735 1519 832 quaternio
1544 735 1588 804 sit
1612 734 1660 804 ita
1681 737 1866 836 copulatus
1886 761 1926 811 ut
1947 767 2043 846 nunc
2078 771 2080 776 ·

33 891 97 944 εει.
138 873 236 961 Quae
256 865 401 964 quidem
422 861 581 960 quaestio
599 862 803 934 difficillima
822 882 883 934 est.
926 865 1059 933 Tamen
1077 861 1149 932 hoc
1170 860 1207 929 in
1228 859 1348 958 aprico
1369 879 1433 940 est,
1458 859 1589 930 factum
1607 856 1751 931 demum
1772 885 1844 933 esse
1865 883 2042 962 tempore,

33 1019 108 1090 quo
125 992 297 1064 librorum
314 1005 557 1086 compactores
577 985 708 1058 accisos
727 985 899 1083 margines
916 983 1093 1056 coloribus
1112 1007 1235 1056 ornare
1251 981 1320 1052 iam
1339 1001 1605 1054 consueverunt.
1645 983 1772 1054 Utrum
1790 983 1884 1054 enim
1902 1005 2043 1070 statuas,

31 1137 112 1188 ante
146 1111 410 1214 copulationem
441 1135 524 1180 cum
549 1128 671 1180 nostro
701 1107 969 1205 quaternionem
1001 1107 1156 1206 primum
1183 1131 1276 1204 puro
1306 1103 1458 1202 margine
1488 1104 1611 1195 fuisse,
1650 1137 1693 1183 an
1724 1111 1770 1180 ita
1803 1127 1843 1179 ut
1870 1131 1965 1177 nunc
1996 1127 2047 1178 εει

32 1238 224 1334 variegat0‚
260 1256 376 1306 tamen
401 1250 516 1331 patet,
549 1231 721 1328 margines
748 1257 822 1302 non
849 1231 960 1302 simul
983 1254 1055 1301 esse
1082 1229 1218 1328 pictos,
1255 1228 1335 1326 quia
1374 1253 1447 1300 non
1482 1252 1595 1303 essent
1632 1233 1908 1307 diversicolores.
1959 1229 2047 1301 Mihi

32 1382 151 1434 autem
176 1385 251 1432 non
275 1357 430 1429 innotuit
455 1353 598 1451 quando
623 1353 688 1424 ista
714 1353 884 1450 margines
911 1353 1089 1424 coloribus
1116 1351 1265 1424 ornandi
1291 1351 1512 1424 consuetudo
1538 1353 1729 1428 invaluerit.

132 1481 192 1553 His
209 1476 406 1580 perpensis,
432 1473 656 1547 statuendum
673 1475 829 1562 videtur,
857 1475 1124 1572 quaternionem
1140 1473 1297 1573 primum
1313 1473 1605 1573 Hieronymianae
1624 1479 1792 1551 versionis
1810 1480 1895 1552 olim
1911 1500 2046 1579 partem

32 1607 158 1690 fuisse,
185 1624 220 1674 et
240 1602 358 1698 aliquo
381 1598 511 1671 recenti
532 1599 673 1672 saeculo
694 1598 777 1671 ideo
798 1618 921 1670 nostro
942 1599 1136 1697 praefixum
1157 1623 1245 1678 esse,
1272 1596 1354 1696 quia
1378 1623 1529 1669 canones
1548 1620 1584 1671 et
1604 1603 1755 1700 capitula
1775 1601 1813 1672 in
1835 1601 2047 1698 marginibus

34 1729 111 1801 eius
136 1729 321 1798 exstabant.
378 1727 526 1792 Factum
557 1720 630 1793 boc
657 1721 701 1792 sit
731 1747 872 1793 necesse
897 1742 966 1808 est,
997 1746 1072 1793 non
1099 1745 1142 1792 eo
1165 1740 1341 1820 tempore,
1369 1747 1443 1818 quo
1471 1722 1584 1793 codex
1609 1745 1729 1795 noster
1756 1752 1795 1795 ea
1822 1744 2049 1822 compactura

32 1850 213 1923 involutus
240 1868 306 1934 est,
340 1872 413 1943 quo
439 1869 534 1914 nunc
559 1843 696 1940 gaudet.
747 1849 834 1914 Nam
859 1845 906 1915 ita
931 1865 971 1915 ut
996 1871 1091 1916 nunc
1117 1843 1271 1914 munitus
1297 1865 1362 1932 est,
1402 1845 1553 1916 maculas
1579 1867 1653 1917 non
1679 1845 1887 1927 admisisset,
1922 1846 2048 1942 quibus
2155 1875 2158 1884 ’

34 1990 89 2040 εει
110 1969 332 2041 deformatus.
385 1971 544 2059 Quarum
561 1966 706 2063 quidem
723 1967 838 2063 aliqua
855 1995 934 2068 pars
954 1995 995 2040 ex
1011 1968 1137 2040 ultimo
1156 1967 1243 2040 solio
1259 1968 1365 2066 primi
1384 1968 1639 2066 quaternionis,
1667 1969 1704 2040 in
1720 1969 1870 2069 primam
1886 1969 2047 2067 paginam

34 2091 171 2164 codicis
198 2089 474 2164 Graeco-Latini
500 2089 704 2162 transduxit.

974 2257 1009 2356 §-
1052 2255 1108 2325 ιι.

134 2395 203 2466 Sed
228 2414 264 2465 et
285 2393 350 2462 alia
369 2391 424 2462 via
447 2411 554 2489 patet.
605 2395 687 2462 Esse
712 2390 806 2462 enim
828 2412 961 2490 potest,
987 2411 1027 2463 ut
1047 2391 1181 2491 primus
1209 2395 1394 2488 quaternio
1415 2395 1484 2466 iam
1506 2394 1568 2466 diu
1590 2421 1671 2466 cum
1697 2416 1819 2469 nostro
1844 2399 2050 2495 copulatus,

34 2520 222 2593 involucro
243 2535 414 2617 pereunte
432 2514 643 2586 avelleretur
664 2535 698 2586 et
722 2515 886 2586 semotim
906 2514 1044 2586 iaceret.
1096 2513 1205 2606 Quod
1227 2534 1267 2586 ut
1290 2517 1431 2588 credam
1449 2544 1492 2590 eo
1518 2517 1652 2588 facilius
1675 2543 1923 2604 commoveor,
1950 2521 2049 2616 quod

35 2643 144 2713 etiam
161 2637 287 2736 reliqui
311 2636 445 2708 codicis
462 2635 612 2709 diversas
629 2657 744 2736 partes
761 2637 823 2707 diu
839 2637 912 2708 sine
929 2637 1114 2711 involucro
1131 2636 1291 2709 disiectas
1307 2639 1410 2711 fuisse
1428 2639 1524 2710 haud
1540 2639 1675 2712 levibus
1688 2667 1731 2711 ex
1749 2639 1888 2712 indiciis
1908 2641 2048 2739 colligo.
2111 2667 2120 2676 ·

34 2771 161 2858 Quum
181 2783 299 2834 autem
320 2761 390 2832 iam
409 2784 538 2832 novam
561 2781 693 2832 vestem
709 2780 830 2833 noster
846 2759 1033 2847 induisset,
1060 2781 1218 2859 repertus
1237 2782 1307 2848 est,
1335 2783 1370 2835 et
1390 2763 1481 2834 libro
1504 2762 1603 2834 cuius
1621 2787 1830 2862 praecursor
1844 2762 1907 2833 diu
1922 2765 2052 2850 fuerat,

34 2908 171 2984 iterum
196 2882 380 2984 praefixus.
431 2886 565 2954 Tamen
592 2904 627 2954 ει
652 2883 725 2956 hoc
755 2882 831 2964 fieri
861 2882 982 2954 debuit
1017 2903 1094 2954 ante
1126 2882 1223 2954 illam
1251 2906 1528 2986 compacturam‚
1568 2911 1637 2984 qua
1666 2885 1754 2956 liber
1790 2910 1885 2956 nunc
1914 2887 2051 2983 gaudet.

34 3019 133 3082 Haec
160 3007 253 3080 enim
280 3005 354 3076 sine
384 3003 493 3076 dubio
523 3031 595 3076 uno
628 3025 787 3105 tempore
818 3006 974 3078 absoluta
1002 3027 1061 3078 est.
1115 3009 1279 3080 Ceterum
1305 3009 1466 3106 antiquae
1494 3027 1741 3106 compacturae
1769 3005 1911 3102 vestigia
1938 3004 2054 3079 adhuc

37 3131 317 3232 conspiciuntur.

985 3295 1018 3392 §-
1062 3295 1118 3364 ιε.

138 3453 218 3518 Non
236 3447 311 3517 sine
329 3471 432 3515 causa
447 3444 484 3514 in
505 3443 571 3514 hac
592 3445 811 3544 expositione
830 3443 1010 3520 accuratus
1030 3449 1090 3518 fui.
1142 3453 1183 3516 In
1201 3445 1414 3542 exquirenda
1432 3447 1525 3515 enirn
1539 3445 1625 3548 libri
1643 3465 1753 3516 aetate
1771 3445 1924 3516 multum
1941 3446 2057 3529 refert,

36 3591 163 3641 utrum
174 3568 216 3638 ad
231 3567 388 3667 primum
400 3566 670 3663 quaternionem
681 3568 853 3666 respicere
871 3570 972 3641 nobis
990 3569 1109 3654 liceat,
1128 3593 1249 3638 necne.
1293 3570 1413 3661 Quum
1431 3588 1547 3639 autem
1563 3567 1635 3639 boc
1651 3589 1787 3640 certum
1804 3593 1875 3640 esse
1893 3567 2060 3649 videatur,

36 3692 196 3792 primum
217 3691 484 3788 quaternionem
511 3715 584 3762 non
610 3689 715 3761 simul
738 3717 819 3761 cum
844 3690 968 3762 codice
994 3711 1116 3763 nostro
1137 3711 1313 3762 exaratum
1341 3717 1432 3781 esse3
1459 3691 1671 3764 tutissimum
1693 3691 1780 3762 mihi
1804 3715 1876 3763 esse
1899 3689 2057 3776 videtur,

32 3815 66 3883 si
93 3813 131 3883 in
157 3811 357 3883 definienda
385 3811 518 3884 codicis
545 3833 653 3884 aetate
680 3842 698 3886 a
724 3815 840 3914 primo
875 3814 1105 3911 quaternione
1132 3813 1352 3913 respiciendo
1379 3815 1481 3913 plane
1508 3814 1749 3886 abstineamus.

983 3981 1020 4070 5.
1062 3939 1120 4052 19ss

140 4136 215 4200 lam
233 4149 350 4202 autem
369 4128 406 4198 in
427 4128 655 4202 describenda
675 4131 815 4205 externa
831 4133 964 4207 codicis
984 4133 1069 4204 facie
1089 4133 1246 4230 pergam,
1287 4153 1457 4230 quatenus
1475 4160 1513 4204 ea
1529 4133 1756 4206 similitudine
1774 4160 1880 4232 quam
1896 4159 2063 4233 propono

35 4277 116 4324 non
142 4251 379 4348 cognoscitur.

141 4377 362 4448 Membranae
382 4376 517 4449 codicis
533 4395 615 4446 sunt
633 4371 835 4459 crassiores,
861 4374 910 4446 ita
927 4395 966 4446 ut
986 4376 1100 4459 facile,
1127 4377 1217 4449 libro
1236 4397 1376 4477 aperto,
1403 4378 1676 4464 convolvantur,
1703 4399 1837 4450 atvero
1854 4377 2060 4474 neutiquam

39 4498 215 4596 aequales.
264 4499 375 4571 Multa
406 4499 489 4574 solia
507 4497 656 4598 pulvere
686 4519 723 4568 et
751 4497 827 4570 luto
854 4498 1108 4586 contaminata,
1145 4502 1255 4572 multa
1278 4503 1411 4599 fragosa
1433 4500 1630 4599 attritaque.
1680 4499 1845 4600 Inprimis
1873 4497 2062 4598 deprimis

38 4642 78 4691 et
101 4620 263 4691 extremis
287 4621 559 4718 quaternionum
572 4619 802 4718 singulorum
827 4620 919 4692 soliis
938 4619 1011 4694 hoc
1033 4624 1133 4695 valet.
1186 4624 1293 4716 Quod
1322 4625 1469 4697 omnino
1495 4623 1571 4696 fieri
1594 4648 1668 4696 non
1691 4623 1881 4723 potuisset,
1906 4621 1973 4692 nisi
1998 4647 2063 4721 per

38 4740 188 4839 aliquod
214 4761 353 4840 tempus
382 4744 535 4842 singulae
559 4741 639 4815 libri
663 4764 778 4843 partes
806 4743 967 4816 discissae
996 4744 1191 4817 iacuissem.
1243 4747 1284 4817 Id
1308 4768 1431 4820 nostro
1458 4746 1550 4820 libro
1579 4774 1661 4818 curn
1688 4746 1851 4819 omnibus
1880 4744 1917 4816 in
1947 4743 2065 4814 charta

37 4889 253 4962 pergamena
279 4863 417 4962 scriptis
439 4893 626 4938 commune
652 4887 719 4953 est,
746 4866 844 4964 quod
874 4866 959 4938 duas
983 4867 1111 4940 nitidas
1133 4869 1276 4969 paginas
1303 4867 1393 4942 duae
1416 4869 1598 4968 rigidiores
1625 4889 1834 4966 sequuntur,
1861 4866 1996 4966 quippe
2024 4892 2064 4938 ea

37 5013 122 5086 pars
153 4985 274 5084 pellis,
310 5013 399 5084 quae
431 4989 525 5059 carni
553 4989 777 5076 adhaeserat,
815 5015 997 5087 nunquam
1027 5011 1159 5064 tantam
1186 4992 1400 5066 nanciscitur
1428 4993 1665 5073 teneritatem,
1697 4984 1869 5090 'quantam
1900 4984 2061 5062 exterior.

37 5109 129 5182 Inde
157 5110 288 5181 factum
316 5131 390 5196 est,
427 5131 468 5182 ut
495 5115 540 5185 ob
566 5112 735 5186 maiorem
758 5111 934 5186 scribendi
962 5112 1203 5188 difficultatem
1230 5116 1361 5188 librarii
1393 5108 1431 5188 in
1459 5113 1579 5213 rigidis
1606 5113 1680 5188 istis
1712 5111 1845 5214 paginis
1879 5111 2066 5213 pauciores

165 5251 254 5311 Rettig.
275 5251 333 5298 Ccd.
352 5252 458 5312 sargan.
846 5293 848 5296 .
1533 5243 1551 5303 2
