4764 6076
346 339 417 404 λι.
1170 341 1534 410 enonnoosmns
1897 371 1900 387 ·
2334 316 2335 374 l

346 516 516 598 haerebis.
566 520 635 592 Sed
659 485 971 619 lbmrius'psrum
998 520 1154 594 eruditus
1188 521 1305 620 deque
1331 523 1520 596 verborum
1549 519 1670 592 formis
1702 543 1830 619 partam
1862 539 1997 608 certus,
2030 546 2115 610 εχων
2134 519 2189 591 ita
2215 519 2331 617 pmpin

347 637 517 722 definivit.
567 648 647 740 Pag.
675 644 746 714 212
767 646 909 727 renides
926 669 1089 745 praesens
1115 642 1256 729 habuit,
1271 661 1322 715 ut
1346 641 1421 714 aliis
1446 641 1534 714 locis
1554 651 1638 734 βαλε
1662 640 1809 737 aliaque.

1285 817 1319 918 §.-
1354 813 1414 890 ss.

452 957 505 1026 De
521 953 667 1027 Graecis
693 957 889 1054 marginum
911 955 1020 1027 literis
1040 955 1172 1054 agenti,
1206 955 1295 1026 duae
1319 940 1458 1027 tantum
1475 957 1510 1022 Γ
1527 968 1562 1024 et
1586 961 1618 1025 T
1633 949 1871 1050 respiciendae
1898 970 1988 1022 sunt.
2039 957 2127 1023 Nam
2158 977 2251 1048 quae
2274 951 2338 1024 aliae

349 1071 388 1143 in
407 1074 621 1172 marginibus
645 1076 962 1176 deprehenduntur
980 1077 1099 1149 literae
1119 1080 1292 1162 Graecae,
1322 1099 1553 1148 numeromm
1574 1073 1657 1146 loco
1677 1089 1773 1157 sunt,
1807 1072 1864 1144 vel
1885 1071 2161 1170 quaternionum
2185 1071 2244 1144 vel
2268 1073 2338 1172 oapi-

202 1189 213 1202 '
353 1194 510 1268 tulorum
534 1197 659 1269 seriem
686 1196 863 1270 docentes.

1284 1376 1318 1474 ς.
1352 1371 1412 1446 ss.

451 1543 492 1610 Γ.
530 1538 581 1606 De
601 1561 735 1632 gamma
755 1533 900 1631 quidem
917 1533 989 1606 hoc
1010 1534 1199 1608 observavi.
1248 1537 1367 1632 Usque
1395 1533 1439 1605 ad
1460 1532 1621 1634 paginam
1648 1534 1907 1632 nonagesimam
1933 1551 2092 1632 quartam
2110 1559 2158 1605 ne
2175 1533 2341 1630 vestigium

353 1652 498 1749 quidem
525 1654 629 1726 huius
656 1655 786 1726 literae.
853 1655 979 1752 Pagina
1004 1652 1052 1729 95
1081 1654 1237 1753 primum
1260 1653 1389 1751 legitur
1415 1675 1451 1726 et
1484 1654 1611 1726 deinde
1641 1681 1751 1753 usque
1779 1657 1822 1728 ad
1854 1657 2016 1754 paginam
2041 1655 2111 1728 190
2136 1654 2178 1726 ἱιι
2202 1653 2341 1754 plinthus

355 1799 461 1868 quam
485 1773 710 1872 quadraginta
737 1776 897 1847 loliis-
914 1776 952 1848 in
977 1776 1096 1848 multis
1122 1776 1322 1872 aliquoties,
1350 1795 1467 1848 exstat.
1516 1774 1651 1849 Deinde
1670 1801 1737 1874 per
1761 1776 2012 1875 quinquaginta
2034 1797 2192 1874 quatuor
2220 1777 2342 1874 pagims

353 1897 472 1982 semel,
513 1921 590 1995 pag.
616 1897 684 1966 221
715 1897 963 1986 animadverti,
1004 1895 1041 1966 in
1071 1923 1144 1994 quo
1170 1915 1286 1967 tamen
1319 1897 1401 1969 loco
1432 1895 1580 1982 haereo,
1618 1916 1737 1968 utrum
1757 1925 1837 1970 vere
1857 1931 1879 1992 y
1897 1899 1956 1988 sit,
1996 1923 2120 1973 necne.
2173 1903 2208 1970 A
2237 1899 2344 1997 pagins

355 2016 508 2116 denique
538 2018 748 2116 244,er
772 2021 815 2091 ad
836 2021 941 2090 linem
964 2018 1045 2089 libri
1063 2018 1172 2091 octies
1196 2020 1407 2090 observatur.
1458 2023 1570 2091 Nemo
1592 2017 1743 2116 poterit,
1781 2019 1868 2114 quin
1888 2019 1980 2091 hanc
2002 2020 2134 2092 scribae
2153 2019 2355 2091 inconstam

285 2199 290 2214 ,
354 2139 438 2210 tiam
462 2140 618 2212 miretur.
670 2141 920 2238 Quodcunque
948 2139 1042 2210 enim
1059 2139 1123 2209 ista
1149 2139 1248 2210 litera
1271 2139 1502 2235 significetur,
1528 2159 1688 2239 apertum
1706 2137 1779 2210 hoc
1800 2141 1922 2212 saltem
1942 2161 2011 2228 est,
2037 2139 2195 2211 addendi
2221 2085 2357 2250 causanl

355 2259 521 2333 etiam'in
546 2261 588 2332 iis
609 2260 698 2334 locis
720 2261 800 2332 libri
824 2259 945 2348 fuisse,
979 2261 1164 2357 inquibus
1193 2286 1266 2332 non
1292 2260 1524 2360 conspicitur,
1563 2287 1673 2358 quum
1694 2261 1733 2330 in
1750 2281 1872 2357 quarta
1896 2261 1976 2332 libri
1998 2261 2186 2332 minimum
2211 2261 2347 2358 quadra·

354 2379 425 2476 gies
446 2381 598 2477 legatur,
626 2383 712 2452 dum
738 2409 805 2482 per
825 2403 894 2453 tres
919 2383 1068 2479 reliquas
1088 2403 1204 2481 partes
1229 2383 1287 2455 vix
1312 2382 1428 2456 decies
1453 2403 1663 2480 compareat.
1713 2383 1816 2452 Plura
1841 2381 1973 2455 dehac
1995 2408 2031 2453 re
2059 2383 2129 2456 alio
2160 2381 2264 2454 locO.

451 2543 546 2634 Quid
572 2571 656 2616 vero
677 2553 712 2616 Γ
729 2543 919 2640 significati
968 2543 1203 2646 Montsaueon
1225 2546 1262 2614 in
1286 2543 1575 2644 palaeographicae
1599 2548 1751 2615 Graecae
1774 2543 1864 2612 libro
1886 2547 1926 2628 V,
1943 2567 2020 2639 pag.
2036 2543 2115 2612 370.
2134 2540 2207 2613 col.
2229 2544 2249 2610 1
2270 2541 2348 2612 linea

353 2663 547 2760 penultima
570 2667 716 2764 liguram
742 2686 880 2738 nostrae
907 2664 1118 2736 simillimam
1139 2665 1294 2747 exhibet,
1328 2693 1433 2761 quam
1453 2695 1680 2761 παραγραφος
1700 2662 1921 2749 denominat,
1960 2681 1995 2733 et
2024 2687 2103 2759 pag.
2123 2661 2199 2733 372
2227 2660 2351 2733 Isidori

353 2781 409 2852 lais
438 2786 549 2856 verbis
574 2786 757 2858 describit:
795 2787 1061 2885 „paragraphus
1092 2787 1238 2884 ponitur
1269 2787 1310 2856 ad
1338 2786 1544 2884 separandas
1566 2811 1620 2856 res
1642 2812 1661 2855 a
1686 2789 1804 2866 rebus,
1842 2783 1986 2880 quaein
2009 2805 2174 2882 connexu
2209 2806 2349 2853 concur-

355 2925 453 2990 runt,
486 2907 794 3008 quemadmodum
817 2909 853 2978 in
872 2906 1031 3002 catalogo
1053 2908 1132 2978 loca
1155 2935 1172 2978 a
1195 2908 1282 2980 locis
1311 2927 1345 2978 et
1373 2908 1532 3006 regiones
1556 2933 1575 2976 a
1601 2905 1817 3003 regionibus,
1851 2904 1889 2974 in
1911 2927 2022 3000 agone
2047 2900 2206 3000 praemia
2223 2927 2244 2970 a
2261 2927 2350 3000 prae·

354 3023 451 3111 miis,
494 3027 680 3096 certamina
697 3054 718 3097 a
733 3027 876 3098 diversis
894 3028 1138 3098 certaminibus
1162 3043 1399 3126 separantur.“
1440 3033 1533 3098 Haec
1560 3026 1598 3096 in
1620 3047 1780 3099 nostmm
1799 3036 1834 3098 Γ
1849 3025 1953 3125 plane
1972 3023 2156 3120 quadrant.
2198 3027 2350 3119 Namque

354 3142 398 3212 ad
419 3144 591 3241 plurimos
611 3147 711 3218 locos
732 3147 795 3217 ista
818 3147 1009 3219 Isidoriana
1028 3150 1202 3247 applicare
1223 3169 1367 3221 conatus
1390 3175 1484 3228 sum,
1512 3167 1548 3219 et
1568 3147 1698 3247 reperi,
1728 3146 1770 3217 ad
1788 3170 1844 3217 eas
1859 3145 2081 3246 potissimum
2101 3144 2213 3214 lineas
2234 3151 2274 3214 Γ
2290 3168 2351 3214 esse

354 3262 546 3346 adiectum,
575 3267 611 3335 in
637 3267 763 3364 quibus
787 3288 870 3367 post
892 3269 1097 3338 sententiam
1116 3270 1319 3366 generaliter
1341 3294 1537 3367 expressam
1559 3269 1615 3342 vel
1640 3269 1793 3366 singulae
1819 3267 1893 3338 eius
1917 3285 2047 3366 partes,
2060 3331 2064 3340 .
2078 3264 2135 3338 vel
2160 3265 2353 3336 accuratior

353 3382 462 3481 ipsius
483 3385 692 3483 descriptio,
727 3390 875 3461 maxime
896 3390 1131 3490 praecedente
1152 3422 1225 3476 και,
1259 3368 1433 3489 exegetica
1460 3391 1665 3463 adnectitur.
1715 3391 1872 3461 Primum
1890 3387 2053 3459 lectionis
2077 3385 2289 3459 varietatem
2316 3387 2355 3454 ita

352 3502 537 3600 significari
556 3508 844 3592 existimaveram,
878 3513 974 3608 quod
989 3546 1029 3606 γρ
1045 3514 1081 3584 in
1101 3515 1174 3585 aliis
1196 3514 1372 3615 plerisque
1404 3511 1584 3585 codicibus
1603 3511 1651 3582 ita
1672 3509 1883 3607 marginibus
1905 3508 2099 3593 adduntur,
2130 3528 2170 3580 ut
2189 3537 2356 3602 ypoecpsraa

352 3626 407 3698 vel
426 3649 563 3720 γραψον
582 3627 786 3724 significent.
820 3633 869 3701 Cf.
895 3632 1015 3704 Bastia·
1035 3656 1223 3705 comment.
1246 3633 1490 3732 palaeograph.
1510 3639 1657 3729 Gregor.
1679 3636 1759 3703 Cor.
1777 3629 1930 3700 additam
1948 3654 2025 3727 pag.
2040 3626 2121 3700 802.
2163 3627 2234 3700 Sed
2250 3657 2358 3726 quum

351 3744 449 3818 hunc
475 3749 511 3818 in
539 3749 644 3819 finem
675 3749 803 3820 librum
834 3771 996 3822 nostrum
1026 3753 1274 3833 examinarem,
1300 3753 1348 3822 'in
1381 3755 1542 3824 omnibus
1566 3755 1674 3825 ferme
1710 3751 1829 3838 lineis,
1873 3749 1916 3820 ad
1943 3775 2028 3844 quas
2048 3755 2083 3820 Γ
2099 3747 2267 3821 additum
2298 3771 2357 3832 est,

350 3868 483 3940 nullam
508 3870 669 3944 lectionis
697 3871 897 3943 varietatem
919 3872 1044 3944 detexi.

1283 4049 1316 4150 ς.
1357 4049 1416 4123 97.

453 4193 485 4254 Τ
500 4193 609 4256 τιτλον
628 4180 820 4278 significare
837 4182 875 4252 in
894 4184 1017 4280 vulgus
1036 4204 1087 4256 est
1110 4205 1246 4257 notum.
1302 4190 1419 4280 Quare
1439 4185 1483 4256 de
1510 4184 1577 4256 hac
1599 4211 1636 4256 re
1658 4185 1733 4284 ipsa
1754 4211 1829 4258 non
1848 4189 2012 4262 dubitavi.
2058 4185 2127 4258 Sed
2144 4209 2224 4256 non
2244 4183 2362 4254 statim

350 4307 482 4404 reperi,
526 4332 632 4403 quem
654 4331 825 4378 canonem
852 4307 890 4376 in
912 4304 1080 4405 ponenda
1105 4305 1172 4376 hac
1191 4307 1290 4376 litera
1311 4307 1471 4378 librarius
1496 4326 1636 4376 secutus
1654 4306 1707 4377 sit.
1756 4312 1829 4378 Iam
1849 4312 1946 4385 hune
1967 4327 2099 4380 statuo:
2128 4304 2164 4376 Si
2182 4305 2223 4376 in
2245 4306 2362 4378 fronte

349 4409 472 4527 capitis
499 4427 554 4500 vel
578 4427 740 4498 sectionis
761 4427 944 4528 inscriptio
969 4428 1025 4502 vel
1049 4405 1166 4498 titulus
1195 4425 1333 4500 additus
1362 4446 1464 4514 esset,
1508 4427 1550 4498 ad
1578 4453 1655 4500 eam
1688 4427 1815 4500 lineam
1848 4442 1881 4506 Τ
1906 4429 2081 4533 adpinxit‚
2123 4425 2161 4498 in
2192 4454 2270 4526 qua
2299 4451 2365 4498 vos

350 4573 389 4619 ea
414 4568 628 4632 occurreret,
662 4575 751 4648 quae
782 4549 874 4620 tituli
900 4549 1108 4622 sententiam
1125 4549 1276 4634 manime
1294 4549 1455 4622 efficeret.
1502 4547 1556 4620 ad
1580 4548 1677 4620 hunc
1700 4575 1871 4624 canonem
1889 4577 2012 4628 omnes
2029 4547 2109 4620 libri
2124 4547 2243 4620 nostri
2261 4547 2365 4620 locos

349 4665 555 4750 examinavi,
591 4688 627 4738 et
653 4694 775 4740 vemm
802 4697 874 4744 esse
896 4673 984 4742 mihi
1003 4672 1169 4772 persuasi.

444 4833 629 4902 Caetemm
662 4838 693 4902 Τ
720 4832 828 4905 octies
854 4834 892 4904 in
917 4833 1110 4923 Matthae03
1149 4833 1284 4932 paginis
1316 4830 1438 4929 viginti
1466 4831 1599 4904 duabus
1633 4831 1686 4930 (in
1715 4791 1834 4906 multis
1864 4831 1999 4934 paginis
2028 4849 2152 4932 quater
2180 4830 2243 4904 vel
2272 4827 2364 4902 adeo

349 4951 549 5053 quinquies)
576 4955 613 5024 in
633 4961 771 5045 Marco;
806 4955 991 5054 quinquies
1017 4957 1054 5028 in
1078 4960 1174 5028 Luca
1197 4952 1384 5029 et'Ioanne
1406 4954 1505 5028 redit.
